@article{2016IndexIEEE2016,
  title = {2016 Index IEEE Transactions on Electron Devices Vol. 63},
  year = {2016},
  month = feb,
  journal = {IEEE Transactions on Electron Devices},
  volume = {63},
  number = {12},
  pages = {5079--5196},
  issn = {1557-9646},
  doi = {10.1109/TED.2016.2627528}
}

@article{2021,
  title = {全面加强知识产权保护工作 激发创新活力推动构建新发展格局},
  author = {, 习近平},
  year = {2021年3月},
  journal = {求是},
  edition = {2021(3)},
  issn = {97788216124154}
}

@book{2022,
  title = {知识产权强国建设纲要（2021－2035年）},
  author = {, 中共中央;国务院},
  year = {2022年2月},
  edition = {2022年2月第1版},
  publisher = {知识产权出版社},
  address = {北京市海淀区气象路20号院},
  isbn = {978-7-5130-8067-5},
  langid = {chinese}
}

@article{Ashtiani2022,
  title = {An On-Chip Photonic Deep Neural Network for Image Classification},
  author = {Ashtiani, Farshid and Geers, Alexander J. and Aflatouni, Firooz},
  year = {2022},
  month = jun,
  journal = {Nature},
  volume = {606},
  number = {7914},
  pages = {501--506},
  issn = {0028-0836, 1476-4687},
  doi = {10.1038/s41586-022-04714-0},
  urldate = {2023-05-22},
  langid = {english}
}

@article{Ashtiani2022a,
  title = {An On-Chip Photonic Deep Neural Network for Image Classification},
  author = {Ashtiani, Farshid and Geers, Alexander J. and Aflatouni, Firooz},
  year = {2022},
  month = jun,
  journal = {Nature},
  volume = {606},
  number = {7914},
  pages = {501--506},
  issn = {0028-0836, 1476-4687},
  doi = {10.1038/s41586-022-04714-0},
  urldate = {2023-05-22},
  langid = {english}
}

@article{Ashtiani2022b,
  title = {An On-Chip Photonic Deep Neural Network for Image Classification},
  author = {Ashtiani, Farshid and Geers, Alexander J. and Aflatouni, Firooz},
  year = {2022},
  month = jun,
  journal = {Nature},
  volume = {606},
  number = {7914},
  pages = {501--506},
  issn = {0028-0836, 1476-4687},
  doi = {10.1038/s41586-022-04714-0},
  urldate = {2023-05-23},
  langid = {english}
}

@article{Bai2022,
  title = {To Image, or Not to Image: Class-Specific Diffractive Cameras with All-Optical Erasure of Undesired Objects},
  shorttitle = {To Image, or Not to Image},
  author = {Bai, Bijie and Luo, Yi and Gan, Tianyi and Hu, Jingtian and Li, Yuhang and Zhao, Yifan and Mengu, Deniz and Jarrahi, Mona and Ozcan, Aydogan},
  year = {2022},
  month = aug,
  journal = {eLight},
  volume = {2},
  number = {1},
  pages = {14},
  issn = {2662-8643},
  doi = {10.1186/s43593-022-00021-3},
  urldate = {2022-08-31},
  langid = {english}
}

@phdthesis{Bai2022a,
  type = {硕士},
  title = {TDI型CMOS图像传感器中累加及转换电路的研究},
  author = {白, 小龙},
  year = {2022},
  collaborator = {余, 宁梅 and 邵, 刚},
  langid = {chinese},
  school = {西安理工大学}
}

@article{Bai2023,
  title = {Microcomb-Based Integrated Photonic Processing Unit},
  author = {Bai, Bowen and Yang, Qipeng and Shu, Haowen and Chang, Lin and Yang, Fenghe and Shen, Bitao and Tao, Zihan and Wang, Jing and Xu, Shaofu and Xie, Weiqiang and Zou, Weiwen and Hu, Weiwei and Bowers, John E. and Wang, Xingjun},
  year = {2023},
  month = jan,
  journal = {Nature Communications},
  volume = {14},
  number = {1},
  pages = {66},
  issn = {2041-1723},
  doi = {10.1038/s41467-022-35506-9},
  urldate = {2023-01-07},
  langid = {english}
}

@article{Bao2022,
  title = {Observation of Full-Parameter Jones Matrix in Bilayer Metasurface},
  author = {Bao, Yanjun and Nan, Fan and Yan, Jiahao and Yang, Xianguang and Qiu, Cheng-Wei and Li, Baojun},
  year = {2022},
  month = dec,
  journal = {Nature Communications},
  volume = {13},
  number = {1},
  pages = {7550},
  issn = {2041-1723},
  doi = {10.1038/s41467-022-35313-2},
  urldate = {2023-03-14},
  langid = {english}
}

@article{Bazhenov1992,
  title = {Screw Dislocations in Light Wavefronts},
  author = {Bazhenov, {\relax V.Yu}. and Soskin, M.S. and Vasnetsov, M.V.},
  year = {1992},
  month = may,
  journal = {Journal of Modern Optics},
  volume = {39},
  number = {5},
  pages = {985--990},
  issn = {0950-0340, 1362-3044},
  doi = {10.1080/09500349214551011},
  urldate = {2023-04-08},
  langid = {english}
}

@article{buenoReinforcementLearningLargescale2018,
  title = {Reinforcement Learning in a Large-Scale Photonic Recurrent Neural Network},
  author = {Bueno, J. and Maktoobi, S. and Froehly, L. and Fischer, I. and Jacquot, M. and Larger, L. and Brunner, D.},
  year = {2018},
  month = jun,
  journal = {Optica},
  volume = {5},
  number = {6},
  pages = {756},
  issn = {2334-2536},
  doi = {10.1364/OPTICA.5.000756},
  urldate = {2022-10-14},
  langid = {english}
}

@article{burrNeuromorphicComputingUsing2017,
  title = {Neuromorphic Computing Using Non-Volatile Memory},
  author = {Burr, Geoffrey W. and Shelby, Robert M. and Sebastian, Abu and Kim, Sangbum and Kim, Seyoung and Sidler, Severin and Virwani, Kumar and Ishii, Masatoshi and Narayanan, Pritish and Fumarola, Alessandro and Sanches, Lucas L. and Boybat, Irem and Le Gallo, Manuel and Moon, Kibong and Woo, Jiyoo and Hwang, Hyunsang and Leblebici, Yusuf},
  year = {2017},
  month = jan,
  journal = {Advances in Physics: X},
  volume = {2},
  number = {1},
  pages = {89--124},
  publisher = {Taylor \& Francis},
  issn = {null},
  doi = {10.1080/23746149.2016.1259585},
  urldate = {2022-12-09}
}

@article{burrNeuromorphicComputingUsing2017a,
  title = {Neuromorphic Computing Using Non-Volatile Memory},
  author = {Burr, Geoffrey W. and Shelby, Robert M. and Sebastian, Abu and Kim, Sangbum and Kim, Seyoung and Sidler, Severin and Virwani, Kumar and Ishii, Masatoshi and Narayanan, Pritish and Fumarola, Alessandro and Sanches, Lucas L. and Boybat, Irem and Le Gallo, Manuel and Moon, Kibong and Woo, Jiyoo and Hwang, Hyunsang and Leblebici, Yusuf},
  year = {2017},
  month = jan,
  journal = {Advances in Physics: X},
  volume = {2},
  number = {1},
  pages = {89--124},
  publisher = {Taylor \& Francis},
  issn = {null},
  doi = {10.1080/23746149.2016.1259585},
  urldate = {2022-12-09}
}

@article{buscemiElectricalBistabilityAmorphous2014,
  title = {Electrical Bistability in Amorphous Semiconductors: A Basic Analytical Theory},
  shorttitle = {Electrical Bistability in Amorphous Semiconductors},
  author = {Buscemi, Fabrizio and Piccinini, Enrico and Cappelli, Andrea and Brunetti, Rossella and Rudan, Massimo and Jacoboni, Carlo},
  year = {2014},
  month = jan,
  journal = {Applied Physics Letters},
  volume = {104},
  number = {2},
  pages = {022101},
  publisher = {American Institute of Physics},
  issn = {0003-6951},
  doi = {10.1063/1.4861658},
  urldate = {2022-12-09}
}

@misc{BuscemiPiccininiCappelli,
  title = {Buscemi F, Piccinini E, Cappelli A, Brunetti R, Rudan M and Jacoboni C 2014 Appl. Phys. Lett. 104 022101 - Google 搜索},
  urldate = {2022-12-09},
  howpublished = {https://www.google.com/search?q=Buscemi+F\%2C+Piccinini+E\%2C+Cappelli+A\%2C+Brunetti+R\%2C+Rudan+M+and+Jacoboni+C+2014+Appl.+Phys.+Lett.+104+022101\&oq=Buscemi+F\%2C+Piccinini+E\%2C+Cappelli+A\%2C+Brunetti+R\%2C+Rudan+M+and+Jacoboni+C+2014+Appl.+Phys.+Lett.+104+022101\&aqs=chrome..69i57.427j0j4\&sourceid=chrome\&ie=UTF-8}
}

@article{caoPhotonicGeSbTePhase2020,
  title = {Photonic Ge-Sb-Te Phase Change Metamaterials and Their Applications},
  author = {Cao, Tun and Wang, Rongzi and Simpson, Robert E. and Li, Guixin},
  year = {2020},
  month = nov,
  journal = {Progress in Quantum Electronics},
  volume = {74},
  pages = {100299},
  issn = {00796727},
  doi = {10.1016/j.pquantelec.2020.100299},
  urldate = {2022-09-10},
  langid = {english}
}

@phdthesis{Ceng2013,
  type = {博士},
  title = {新型铜互连扩散阻挡层钌、钌钽合金、钼基薄膜的化学机械抛光性能研究},
  author = {曾, 旭},
  year = {2013},
  collaborator = {屈, 新萍},
  langid = {chinese},
  school = {复旦大学},
  annotation = {18 citations(CNKI)[2023-6-15]}
}

@article{champlainExaminationTemperatureDependent2016,
  title = {Examination of the Temperature Dependent Electronic Behavior of GeTe for Switching Applications},
  author = {Champlain, James G. and Ruppalt, Laura B. and Guyette, Andrew C. and {El-Hinnawy}, Nabil and Borodulin, Pavel and Jones, Evan and Young, Robert M. and Nichols, Doyle},
  year = {2016},
  month = jun,
  journal = {Journal of Applied Physics},
  volume = {119},
  number = {24},
  pages = {244501},
  publisher = {American Institute of Physics},
  issn = {0021-8979},
  doi = {10.1063/1.4954313},
  urldate = {2022-12-09}
}

@article{Chen2021,
  title = {Recording optical vortices in azo polymer films by applying holographic method},
  author = {Chen, Tian-Yu and Wang, Chang-Shun and Pan, Yu-Jia and Sun, Li-Li and {State Key Laboratory of Advanced Optical Communication Systems and Networks, School of Physics and Astronomy, Shanghai Jiao Tong University, Shanghai 200240, China}},
  year = {2021},
  journal = {Acta Physica Sinica},
  volume = {70},
  number = {5},
  pages = {054204},
  issn = {1000-3290, 1000-3290},
  doi = {10.7498/aps.70.20201496},
  urldate = {2023-04-09},
  langid = {chinese}
}

@article{Chen2021a,
  title = {Recording optical vortices in azo polymer films by applying holographic method},
  author = {Chen, Tian-Yu and Wang, Chang-Shun and Pan, Yu-Jia and Sun, Li-Li and {State Key Laboratory of Advanced Optical Communication Systems and Networks, School of Physics and Astronomy, Shanghai Jiao Tong University, Shanghai 200240, China}},
  year = {2021},
  journal = {Acta Physica Sinica},
  volume = {70},
  number = {5},
  pages = {054204},
  issn = {1000-3290, 1000-3290},
  doi = {10.7498/aps.70.20201496},
  urldate = {2023-04-09},
  langid = {chinese}
}

@article{Chen2022,
  title = {Ten Years of Sb2Se3 Thin Film Solar Cells},
  author = {Chen, Chao and Li, Kanghua and Tang, Jiang},
  year = {2022},
  journal = {Solar RRL},
  volume = {6},
  number = {7},
  pages = {2200094},
  issn = {2367-198X},
  doi = {10.1002/solr.202200094},
  urldate = {2022-10-26},
  langid = {english}
}

@article{Chen2022a,
  title = {A Meta-Device for Intelligent Depth Perception},
  author = {Chen, Mu Ku and Liu, Xiaoyuan and Wu, Yongfeng and Zhang, Jingcheng and Yuan, Jiaqi and Zhang, Zhengnan and Tsai, Din Ping},
  year = {2022},
  month = aug,
  journal = {Advanced Materials},
  pages = {2107465},
  issn = {0935-9648, 1521-4095},
  doi = {10.1002/adma.202107465},
  urldate = {2022-09-13},
  langid = {english}
}

@article{Chen2023,
  title = {Breaking the Temporal and Frequency Congestion of LiDAR by Parallel Chaos},
  author = {Chen, Ruixuan and Shu, Haowen and Shen, Bitao and Chang, Lin and Xie, Weiqiang and Liao, Wenchao and Tao, Zihan and Bowers, John E. and Wang, Xingjun},
  year = {2023},
  month = apr,
  journal = {Nature Photonics},
  volume = {17},
  number = {4},
  pages = {306--314},
  issn = {1749-4885, 1749-4893},
  doi = {10.1038/s41566-023-01158-4},
  urldate = {2023-04-20},
  langid = {english}
}

@article{Chen2023a,
  title = {Photonic Unsupervised Learning Variational Autoencoder for High-Throughput and Low-Latency Image Transmission},
  author = {Chen, Yitong and Zhou, Tiankuang and Wu, Jiamin and Qiao, Hui and Lin, Xing and Fang, Lu and Dai, Qionghai},
  year = {2023},
  month = feb,
  journal = {Science Advances},
  volume = {9},
  number = {7},
  pages = {eadf8437},
  issn = {2375-2548},
  doi = {10.1126/sciadv.adf8437},
  urldate = {2023-05-09},
  langid = {english}
}

@article{choiHybridStateEngineering2021,
  title = {Hybrid State Engineering of Phase-Change Metasurface for All-Optical Cryptography},
  author = {Choi, Chulsoo and Mun, Sang-Eun and Sung, Jangwoon and Choi, Kyunghee and Lee, Seung-Yeol and Lee, Byoungho},
  year = {2021},
  journal = {Advanced Functional Materials},
  volume = {31},
  number = {4},
  pages = {2007210},
  issn = {1616-3028},
  doi = {10.1002/adfm.202007210},
  urldate = {2022-12-08},
  langid = {english}
}

@inproceedings{chung19OpticalPhasedArray2021,
  title = {19.1 Optical Phased-Array FMCW LiDAR with On-Chip Calibration},
  booktitle = {2021 IEEE International Solid- State Circuits Conference (ISSCC)},
  author = {Chung, SungWon and Nakai, Makoto and Idres, Samer and Ni, Yongwei and Hashemi, Hossein},
  year = {2021},
  month = feb,
  pages = {286--288},
  publisher = {IEEE},
  address = {San Francisco, CA, USA},
  doi = {10.1109/ISSCC42613.2021.9366004},
  urldate = {2022-09-10},
  isbn = {978-1-72819-549-0},
  langid = {english}
}

@article{Chyan2003,
  title = {Electrodeposition of Copper Thin Film on Ruthenium},
  author = {Chyan, Oliver and Arunagiri, Tiruchirapalli N. and Ponnuswamy, Thomas},
  year = {2003},
  journal = {Journal of The Electrochemical Society},
  volume = {150},
  number = {5},
  pages = {C347},
  issn = {00134651},
  doi = {10.1149/1.1565138},
  urldate = {2023-06-14},
  langid = {english}
}

@article{Delaney2020,
  title = {A New Family of Ultralow Loss Reversible Phase-Change Materials for Photonic Integrated Circuits: Sb {\textsubscript{2}} S {\textsubscript{3}} and Sb {\textsubscript{2}} Se {\textsubscript{3}}},
  shorttitle = {A New Family of Ultralow Loss Reversible Phase-Change Materials for Photonic Integrated Circuits},
  author = {Delaney, Matthew and Zeimpekis, Ioannis and Lawson, Daniel and Hewak, Daniel W. and Muskens, Otto L.},
  year = {2020},
  month = sep,
  journal = {Advanced Functional Materials},
  volume = {30},
  number = {36},
  pages = {2002447},
  issn = {1616-301X, 1616-3028},
  doi = {10.1002/adfm.202002447},
  urldate = {2022-09-10},
  langid = {english}
}

@phdthesis{Deng2018,
  type = {博士},
  title = {宽带宽角扫描相控阵天线系统},
  author = {邓, 斌},
  year = {2018},
  collaborator = {金, 林 and 陈, 健},
  langid = {chinese},
  school = {南京大学},
  annotation = {10 citations(CNKI)[2023-6-10]}
}

@phdthesis{Deng2021,
  type = {硕士},
  title = {数字相控阵单脉冲测角方法研究},
  author = {邓, 宇昊},
  year = {2021},
  collaborator = {谢, 菊兰},
  langid = {chinese},
  school = {电子科技大学},
  annotation = {2 citations(CNKI)[2023-6-10]}
}

@phdthesis{Dong2020,
  type = {硕士},
  title = {基于Zynq处理器与线阵CCD的便携式拉曼光谱仪系统设计},
  author = {董, 纪腾},
  year = {2020},
  collaborator = {陈, 朋},
  langid = {chinese},
  school = {浙江工业大学},
  annotation = {2 citations(CNKI)[2023-6-14]}
}

@article{Dong2023,
  title = {A Multimodal Sensing CMOS Imager Based on Dual-Focus Imaging},
  author = {Dong, Hao and Zheng, Xubin and Cheng, Chen and Qian, Libin and Cui, Yaoxuan and Wu, Weiwei and Liu, Qingjun and Chen, Xing and Lu, Yanli and Yang, Qing and Zhang, Fenni and Wang, Di},
  year = {2023},
  month = mar,
  journal = {Advanced Science},
  pages = {2206699},
  issn = {2198-3844, 2198-3844},
  doi = {10.1002/advs.202206699},
  urldate = {2023-03-04},
  langid = {english}
}

@article{eatonElectricalConductionAnomaly1964,
  title = {Electrical Conduction Anomaly of Semiconducting Glasses in the System As\textemdash Te\textemdash I},
  author = {Eaton, D. L.},
  year = {1964},
  journal = {Journal of the American Ceramic Society},
  volume = {47},
  number = {11},
  pages = {554--558},
  issn = {1551-2916},
  doi = {10.1111/j.1151-2916.1964.tb13816.x},
  urldate = {2022-12-09},
  langid = {english}
}

@article{ElGamal2005,
  title = {CMOS Image Sensors},
  author = {El Gamal, A. and Eltoukhy, H.},
  year = {2005},
  month = may,
  journal = {IEEE Circuits and Devices Magazine},
  volume = {21},
  number = {3},
  pages = {6--20},
  issn = {8755-3996},
  doi = {10.1109/MCD.2005.1438751},
  urldate = {2023-06-14},
  langid = {english}
}

@article{elliottTheoryConductionChalcogenide1977,
  title = {A Theory of a.c. Conduction in Chalcogenide Glasses},
  author = {Elliott, S. R.},
  year = {1977},
  month = dec,
  journal = {The Philosophical Magazine: A Journal of Theoretical Experimental and Applied Physics},
  volume = {36},
  number = {6},
  pages = {1291--1304},
  publisher = {Taylor \& Francis},
  issn = {0031-8086},
  doi = {10.1080/14786437708238517},
  urldate = {2022-12-09}
}

@article{fangNonVolatileReconfigurable2021,
  title = {Non-Volatile Reconfigurable Integrated Photonics Enabled by Broadband Low-Loss Phase Change Material},
  author = {Fang, Zhuoran and Zheng, Jiajiu and Saxena, Abhi and Whitehead, James and Chen, Yueyang and Majumdar, Arka},
  year = {2021},
  month = may,
  journal = {Advanced Optical Materials},
  volume = {9},
  number = {9},
  pages = {2002049},
  issn = {2195-1071, 2195-1071},
  doi = {10.1002/adom.202002049},
  urldate = {2022-09-10},
  langid = {english}
}

@article{fangNonVolatileReconfigurableSilicon2022,
  title = {Non-Volatile Reconfigurable Silicon Photonics Based on Phase-Change Materials},
  author = {Fang, Zhuoran and Chen, Rui and Zheng, Jiajiu and Majumdar, Arka},
  year = {2022},
  month = may,
  journal = {IEEE Journal of Selected Topics in Quantum Electronics},
  volume = {28},
  number = {3: Hybrid Integration for Silicon Photonics},
  pages = {1--17},
  issn = {1558-4542},
  doi = {10.1109/JSTQE.2021.3120713}
}

@article{Feldmann2019,
  title = {All-Optical Spiking Neurosynaptic Networks with Self-Learning Capabilities},
  author = {Feldmann, J. and Youngblood, N. and Wright, C. D. and Bhaskaran, H. and Pernice, W. H. P.},
  year = {2019},
  month = may,
  journal = {Nature},
  volume = {569},
  number = {7755},
  pages = {208--214},
  issn = {0028-0836, 1476-4687},
  doi = {10.1038/s41586-019-1157-8},
  urldate = {2023-05-22},
  langid = {english}
}

@article{Feldmann2019a,
  title = {All-Optical Spiking Neurosynaptic Networks with Self-Learning Capabilities},
  author = {Feldmann, J. and Youngblood, N. and Wright, C. D. and Bhaskaran, H. and Pernice, W. H. P.},
  year = {2019},
  month = may,
  journal = {Nature},
  volume = {569},
  number = {7755},
  pages = {208--214},
  issn = {0028-0836, 1476-4687},
  doi = {10.1038/s41586-019-1157-8},
  urldate = {2023-05-22},
  langid = {english}
}

@article{Feldmann2019b,
  title = {All-Optical Spiking Neurosynaptic Networks with Self-Learning Capabilities},
  author = {Feldmann, J. and Youngblood, N. and Wright, C. D. and Bhaskaran, H. and Pernice, W. H. P.},
  year = {2019},
  month = may,
  journal = {Nature},
  volume = {569},
  number = {7755},
  pages = {208--214},
  issn = {0028-0836, 1476-4687},
  doi = {10.1038/s41586-019-1157-8},
  urldate = {2023-05-23},
  langid = {english}
}

@article{Feldmann2021,
  title = {Parallel Convolutional Processing Using an Integrated Photonic Tensor Core},
  author = {Feldmann, J. and Youngblood, N. and Karpov, M. and Gehring, H. and Li, X. and Stappers, M. and Le Gallo, M. and Fu, X. and Lukashchuk, A. and Raja, A. S. and Liu, J. and Wright, C. D. and Sebastian, A. and Kippenberg, T. J. and Pernice, W. H. P. and Bhaskaran, H.},
  year = {2021},
  month = jan,
  journal = {Nature},
  volume = {589},
  number = {7840},
  pages = {52--58},
  issn = {0028-0836, 1476-4687},
  doi = {10.1038/s41586-020-03070-1},
  urldate = {2023-05-22},
  langid = {english}
}

@article{Feldmann2021a,
  title = {Parallel Convolutional Processing Using an Integrated Photonic Tensor Core},
  author = {Feldmann, J. and Youngblood, N. and Karpov, M. and Gehring, H. and Li, X. and Stappers, M. and Le Gallo, M. and Fu, X. and Lukashchuk, A. and Raja, A. S. and Liu, J. and Wright, C. D. and Sebastian, A. and Kippenberg, T. J. and Pernice, W. H. P. and Bhaskaran, H.},
  year = {2021},
  month = jan,
  journal = {Nature},
  volume = {589},
  number = {7840},
  pages = {52--58},
  issn = {0028-0836, 1476-4687},
  doi = {10.1038/s41586-020-03070-1},
  urldate = {2023-05-22},
  langid = {english}
}

@article{Feldmann2021b,
  title = {Parallel Convolutional Processing Using an Integrated Photonic Tensor Core},
  author = {Feldmann, J. and Youngblood, N. and Karpov, M. and Gehring, H. and Li, X. and Stappers, M. and Le Gallo, M. and Fu, X. and Lukashchuk, A. and Raja, A. S. and Liu, J. and Wright, C. D. and Sebastian, A. and Kippenberg, T. J. and Pernice, W. H. P. and Bhaskaran, H.},
  year = {2021},
  month = jan,
  journal = {Nature},
  volume = {589},
  number = {7840},
  pages = {52--58},
  issn = {0028-0836, 1476-4687},
  doi = {10.1038/s41586-020-03070-1},
  urldate = {2023-05-23},
  langid = {english}
}

@article{Feng2003,
  title = {知识产权的劳动理论研究},
  author = {冯, 晓青},
  year = {2003},
  journal = {湘潭大学社会科学学报},
  number = {5},
  pages = {24--29},
  issn = {1001-5981},
  langid = {chinese},
  annotation = {65 citations(CNKI)[2022-12-30]}
}

@article{fengReactiveIonEtching,
  title = {Reactive Ion Etching of Ge2Sb2Te5 in CHF3/O2 Plasma for Nonvolatile Phase-Change Memory Device},
  author = {Feng, Gaoming and Liu, Bo and Song, Zhitang and Feng, Songlin and Chen, Bomy},
  pages = {5},
  langid = {english}
}

@article{Fengxiaoqing;2006,
  title = {著作权法之激励理论研究\textemdash\textemdash 以经济学、社会福利理论与后现代主义为视角},
  author = {冯晓青;},
  year = {2006},
  journal = {法律科学.西北政法学院学报},
  number = {06},
  pages = {41--49},
  issn = {1671-6914},
  langid = {chinese},
  lccn = {61-1185/D}
}

@article{Fengxiaoqing;2020,
  title = {新时代中国特色知识产权法理思考},
  author = {冯晓青;},
  year = {2020},
  journal = {知识产权},
  number = {04},
  pages = {3--15},
  issn = {1003-0476},
  langid = {chinese},
  lccn = {11-2760/N}
}

@article{Fenn2000,
  title = {The Development of Phased-Array Radar Technology},
  author = {Fenn, Alan J and Temme, Donald H and Delaney, William P and Courtney, William E},
  year = {2000},
  volume = {12},
  number = {2},
  langid = {english}
}

@article{fernandezPreparationCharacterizationSb2Se32000,
  title = {Preparation and Characterization of Sb2Se3 Thin Films Prepared by Electrodeposition for Photovoltaic Applications},
  author = {Fern{\'a}ndez, A. M and Merino, M. G},
  year = {2000},
  month = may,
  journal = {Thin Solid Films},
  volume = {366},
  number = {1},
  pages = {202--206},
  issn = {0040-6090},
  doi = {10.1016/S0040-6090(00)00716-1},
  urldate = {2022-10-26},
  langid = {english}
}

@misc{FieldDependentConductivity,
  title = {Field Dependent Conductivity and Threshold Switching in Amorphous Chalcogenides\textemdash Modeling and Simulations of Ovonic Threshold Switches and Phase Change Memory Devices: Journal of Applied Physics: Vol 128, No 23},
  urldate = {2022-12-09},
  howpublished = {https://aip.scitation.org/doi/abs/10.1063/5.0027671}
}

@article{fongPhaseChangeMemoryStorageClass2017,
  title = {Phase-Change Memory\textemdash Towards a Storage-Class Memory},
  author = {Fong, S. and Neumann, C. and Wong, H.},
  year = {2017},
  journal = {undefined},
  urldate = {2022-12-09},
  langid = {english}
}

@phdthesis{Fu2015,
  type = {硕士},
  title = {面阵天线相控阵雷达测角方法研究},
  author = {傅, 冬恺},
  year = {2015},
  collaborator = {赵, 永波},
  langid = {chinese},
  school = {西安电子科技大学},
  annotation = {7 citations(CNKI)[2023-6-10]}
}

@article{Fu2023,
  title = {Photonic Machine Learning with On-Chip Diffractive Optics},
  author = {Fu, Tingzhao and Zang, Yubin and Huang, Yuyao and Du, Zhenmin and Huang, Honghao and Hu, Chengyang and Chen, Minghua and Yang, Sigang and Chen, Hongwei},
  year = {2023},
  month = jan,
  journal = {Nature Communications},
  volume = {14},
  number = {1},
  pages = {70},
  issn = {2041-1723},
  doi = {10.1038/s41467-022-35772-7},
  urldate = {2023-04-04},
  langid = {english}
}

@article{galloSubthresholdElectricalTransport2015,
  title = {Subthreshold Electrical Transport in Amorphous Phase-Change Materials},
  author = {Gallo, Manuel Le and Kaes, Matthias and Sebastian, Abu and Krebs, Daniel},
  year = {2015},
  month = sep,
  journal = {New Journal of Physics},
  volume = {17},
  number = {9},
  pages = {093035},
  publisher = {IOP Publishing},
  issn = {1367-2630},
  doi = {10.1088/1367-2630/17/9/093035},
  urldate = {2022-12-09},
  langid = {english}
}

@article{Gao2020,
  title = {Dynamic 3D Meta-Holography in Visible Range with Large Frame Number and High Frame Rate},
  author = {Gao, Hui and Wang, Yuxi and Fan, Xuhao and Jiao, Binzhang and Li, Tingan and Shang, Chenglin and Zeng, Cheng and Deng, Leimin and Xiong, Wei and Xia, Jinsong and Hong, Minghui},
  year = {2020},
  month = jul,
  journal = {Science Advances},
  volume = {6},
  number = {28},
  pages = {eaba8595},
  issn = {2375-2548},
  doi = {10.1126/sciadv.aba8595},
  urldate = {2023-03-14},
  langid = {english}
}

@article{Gao2020a,
  title = {Dynamic 3D Meta-Holography in Visible Range with Large Frame Number and High Frame Rate},
  author = {Gao, Hui and Wang, Yuxi and Fan, Xuhao and Jiao, Binzhang and Li, Tingan and Shang, Chenglin and Zeng, Cheng and Deng, Leimin and Xiong, Wei and Xia, Jinsong and Hong, Minghui},
  year = {2020},
  month = jul,
  journal = {Science Advances},
  volume = {6},
  number = {28},
  pages = {eaba8595},
  issn = {2375-2548},
  doi = {10.1126/sciadv.aba8595},
  urldate = {2023-03-14},
  langid = {english}
}

@article{Gao2022,
  title = {Pixel Super-Resolution Phase Retrieval for Lensless On-Chip Microscopy via Accelerated Wirtinger Flow},
  author = {Gao, Yunhui and Yang, Feng and Cao, Liangcai},
  year = {2022},
  month = jun,
  journal = {Cells},
  volume = {11},
  number = {13},
  pages = {1999},
  issn = {2073-4409},
  doi = {10.3390/cells11131999},
  urldate = {2023-05-16},
  langid = {english}
}

@article{Gao2023,
  title = {Iterative Projection Meets Sparsity Regularization: Towards Practical Single-Shot Quantitative Phase Imaging with in-Line Holography},
  shorttitle = {Iterative Projection Meets Sparsity Regularization},
  author = {Gao, Yunhui and Cao, Liangcai},
  year = {2023},
  journal = {Light: Advanced Manufacturing},
  volume = {4},
  number = {1},
  pages = {1},
  issn = {2831-4093},
  doi = {10.37188/lam.2023.006},
  urldate = {2023-05-16},
  langid = {english}
}

@article{Georgi2021,
  title = {Optical Secret Sharing with Cascaded Metasurface Holography},
  author = {Georgi, Philip and Wei, Qunshuo and Sain, Basudeb and Schlickriede, Christian and Wang, Yongtian and Huang, Lingling and Zentgraf, Thomas},
  year = {2021},
  month = apr,
  journal = {Science Advances},
  volume = {7},
  number = {16},
  pages = {eabf9718},
  publisher = {American Association for the Advancement of Science},
  doi = {10.1126/sciadv.abf9718},
  urldate = {2022-09-03}
}

@article{Go,
  title = {Ultrafast Near-Ideal Phase-Change Memristive Physical Unclonable Functions Driven by Amorphous State Variations},
  author = {Go, Shao-Xiang and Wang, Qiang and Lim, Kian Guan and Lee, Tae Hoon and Bajalovic, Natasa and Loke, Desmond K.},
  journal = {Advanced Science},
  volume = {n/a},
  number = {n/a},
  pages = {2204453},
  issn = {2198-3844},
  doi = {10.1002/advs.202204453},
  urldate = {2022-11-18},
  langid = {english}
}

@article{Goi2022,
  title = {Direct Retrieval of Zernike-Based Pupil Functions Using Integrated Diffractive Deep Neural Networks},
  author = {Goi, Elena and Schoenhardt, Steffen and Gu, Min},
  year = {2022},
  month = dec,
  journal = {Nature Communications},
  volume = {13},
  number = {1},
  pages = {7531},
  publisher = {Nature Publishing Group},
  issn = {2041-1723},
  doi = {10.1038/s41467-022-35349-4},
  urldate = {2022-12-16},
  copyright = {2022 The Author(s)},
  langid = {english}
}

@article{Goi2022a,
  title = {Direct Retrieval of Zernike-Based Pupil Functions Using Integrated Diffractive Deep Neural Networks},
  author = {Goi, Elena and Schoenhardt, Steffen and Gu, Min},
  year = {2022},
  month = dec,
  journal = {Nature Communications},
  volume = {13},
  number = {1},
  pages = {7531},
  issn = {2041-1723},
  doi = {10.1038/s41467-022-35349-4},
  urldate = {2023-04-15},
  langid = {english}
}

@misc{GrowthCharacterizationSb2Se3,
  title = {Growth and Characterization of Sb2Se3 Thin Films for Solar Cells | Elsevier Enhanced Reader},
  doi = {10.1016/j.solener.2018.07.082},
  urldate = {2022-10-26},
  howpublished = {https://reader.elsevier.com/reader/sd/pii/S0038092X18307473?token=4FB00B44423FD64F402E6DEEAAA57614A92A94E7512D7BB8D1CF8A09FE147ABFF2CD2CFC7D0324AD3DB1CF9B5CE4A5F0\&originRegion=us-east-1\&originCreation=20221026142534},
  langid = {english}
}

@misc{GrowthSb2Se3Thin,
  title = {Growth of Sb2Se3 thin films by selenization of RF sputtered binary precursors | 爱思唯尔增强阅读器},
  doi = {10.1016/j.solmat.2018.08.003},
  urldate = {2022-10-29},
  howpublished = {https://reader.elsevier.com/reader/sd/pii/S0927024818304070?token=E882A13151A64BD07E68C9DD830409736F814ED63E87C8181566E7060B8665F5C088659ADFCB3B1E1098ED699DDE808D\&originRegion=us-east-1\&originCreation=20221029122956},
  langid = {chinese}
}

@article{Guo2022,
  title = {Full-Color Holographic Display and Encryption with Full-Polarization Degree of Freedom},
  author = {Guo, Xuyue and Zhong, Jinzhan and Li, Bingjie and Qi, Shuxia and Li, Yu and Li, Peng and Wen, Dandan and Liu, Sheng and Wei, Bingyan and Zhao, Jianlin},
  year = {2022},
  month = jan,
  journal = {Advanced Materials},
  volume = {34},
  number = {3},
  pages = {2103192},
  issn = {0935-9648, 1521-4095},
  doi = {10.1002/adma.202103192},
  urldate = {2022-12-16},
  langid = {english}
}

@article{Guo2022a,
  title = {Stokes Meta-Hologram toward Optical Cryptography},
  author = {Guo, Xuyue and Li, Peng and Zhong, Jinzhan and Wen, Dandan and Wei, Bingyan and Liu, Sheng and Qi, Shuxia and Zhao, Jianlin},
  year = {2022},
  month = nov,
  journal = {Nature Communications},
  volume = {13},
  number = {1},
  pages = {6687},
  issn = {2041-1723},
  doi = {10.1038/s41467-022-34542-9},
  urldate = {2023-01-10},
  langid = {english}
}

@inproceedings{hashemiReviewSiliconPhotonics2022,
  title = {A Review of Silicon Photonics LiDAR},
  booktitle = {2022 IEEE Custom Integrated Circuits Conference (CICC)},
  author = {Hashemi, Hossein},
  year = {2022},
  month = apr,
  pages = {1--8},
  publisher = {IEEE},
  address = {Newport Beach, CA, USA},
  doi = {10.1109/CICC53496.2022.9772845},
  urldate = {2022-08-31},
  isbn = {978-1-66540-756-4},
  langid = {english}
}

@inproceedings{He2016a,
  title = {Deep Residual Learning for Image Recognition},
  booktitle = {2016 IEEE Conference on Computer Vision and Pattern Recognition (CVPR)},
  author = {He, Kaiming and Zhang, Xiangyu and Ren, Shaoqing and Sun, Jian},
  year = {2016},
  month = jun,
  pages = {770--778},
  publisher = {IEEE},
  address = {Las Vegas, NV, USA},
  doi = {10.1109/CVPR.2016.90},
  urldate = {2023-01-06},
  isbn = {978-1-4673-8851-1},
  langid = {english}
}

@article{He2020,
  title = {Review of Photonic Integrated Optical Phased Arrays for Space Optical Communication},
  author = {He, Jingwen and Dong, Tao and Xu, Yue},
  year = {2020},
  journal = {IEEE Access},
  volume = {8},
  pages = {188284--188298},
  issn = {2169-3536},
  doi = {10.1109/ACCESS.2020.3030627},
  urldate = {2023-05-18},
  langid = {english}
}

@article{He2020a,
  title = {Review of Photonic Integrated Optical Phased Arrays for Space Optical Communication},
  author = {He, Jingwen and Dong, Tao and Xu, Yue},
  year = {2020},
  journal = {IEEE Access},
  volume = {8},
  pages = {188284--188298},
  issn = {2169-3536},
  doi = {10.1109/ACCESS.2020.3030627},
  urldate = {2023-05-18},
  langid = {english}
}

@misc{hemmatyarEnhancedMetaDisplaysUsing2021,
  title = {Enhanced Meta-Displays Using Advanced Phase-Change Materials},
  author = {Hemmatyar, Omid and Abdollahramezani, Sajjad and Zeimpekis, Ioannis and Lepeshov, Sergey and Krasnok, Alex and Khan, Asir Intisar and Neilson, Kathryn M. and Teichrib, Christian and Brown, Tyler and Pop, Eric and Hewak, Daniel W. and Wuttig, Matthias and Alu, Andrea and Muskens, Otto L. and Adibi, Ali},
  year = {2021},
  month = jul,
  number = {arXiv:2107.12159},
  eprint = {2107.12159},
  primaryclass = {physics},
  publisher = {arXiv},
  urldate = {2022-11-18},
  archiveprefix = {arxiv},
  langid = {english}
}

@misc{HighlyEfficientStable,
  title = {Highly Efficient and Stable Planar Heterojunction Solar Cell Based on Sputtered and Post-Selenized Sb2Se3 Thin Film | Elsevier Enhanced Reader},
  doi = {10.1016/j.nanoen.2019.103929},
  urldate = {2022-10-29},
  howpublished = {https://reader.elsevier.com/reader/sd/pii/S2211285519306366?token=86E24C506562E0B6D2EE47A63C8A859DF85B4C64CBE33D08BB5C0B0E63E9588E3E584747BEC039C7BB22A3081B286A15\&originRegion=us-east-1\&originCreation=20221029104215},
  langid = {english}
}

@misc{HighlyEfficientStablea,
  title = {Highly efficient and stable planar heterojunction solar cell based on sputtered and post-selenized Sb2Se3 thin film | 爱思唯尔增强阅读器},
  doi = {10.1016/j.nanoen.2019.103929},
  urldate = {2022-10-29},
  howpublished = {https://reader.elsevier.com/reader/sd/pii/S2211285519306366?token=70DB6BE97310110B898D5BD9A727645A3DB71F764C3829E6E3939D95C720CB6E9E9EFB1F144FBA66A88DAF08FD48B289\&originRegion=us-east-1\&originCreation=20221029131522},
  langid = {chinese}
}

@article{Hong,
  title = {Chiral Third-Harmonic Metasurface for Multiplexed Holograms},
  author = {Hong, Xuanmiao and Wang, Kai and Guan, Chao and Han, Xiaobo and Chen, Yang and Qian, Shuhang and Xing, Xiangyuan and Qiu, Cheng-Wei and Lu, Peixiang},
  langid = {english}
}

@phdthesis{Hu2020,
  type = {硕士},
  title = {基于STM32的线阵CCD图像采集系统速度优化设计},
  author = {胡, 刚},
  year = {2020},
  collaborator = {龚, 学余},
  langid = {chinese},
  school = {南华大学},
  annotation = {4 citations(CNKI)[2023-6-14]}
}

@article{huang2019fidelity,
  title = {Fidelity Benchmarks for Two-Qubit Gates in Silicon},
  author = {Huang, W and Yang, {\relax CH} and Chan, {\relax KW} and Tanttu, T and Hensen, B and Leon, {\relax RCC} and Fogarty, {\relax MA} and Hwang, {\relax JCC} and Hudson, {\relax FE} and Itoh, Kohei M and others},
  year = {2019},
  journal = {Nature},
  volume = {569},
  number = {7757},
  pages = {532--536},
  publisher = {Nature Publishing Group}
}

@article{Huang2023,
  title = {Leaky-Wave Metasurfaces for Integrated Photonics},
  author = {Huang, Heqing and Overvig, Adam C. and Xu, Yuan and Malek, Stephanie C. and Tsai, Cheng-Chia and Al{\`u}, Andrea and Yu, Nanfang},
  year = {2023},
  month = may,
  journal = {Nature Nanotechnology},
  issn = {1748-3387, 1748-3395},
  doi = {10.1038/s41565-023-01360-z},
  urldate = {2023-05-09},
  langid = {english}
}

@article{Hughes2018,
  title = {Training of Photonic Neural Networks through in Situ Backpropagation and Gradient Measurement},
  author = {Hughes, Tyler W. and Minkov, Momchil and Shi, Yu and Fan, Shanhui},
  year = {2018},
  month = jul,
  journal = {Optica},
  volume = {5},
  number = {7},
  pages = {864},
  issn = {2334-2536},
  doi = {10.1364/OPTICA.5.000864},
  urldate = {2023-05-26},
  langid = {english}
}

@article{Huo2023,
  title = {Optical Neural Network via Loose Neuron Array and Functional Learning},
  author = {Huo, Yuchi and Bao, Hujun and Peng, Yifan and Gao, Chen and Hua, Wei and Yang, Qing and Li, Haifeng and Wang, Rui and Yoon, Sung-Eui},
  year = {2023},
  month = may,
  journal = {Nature Communications},
  volume = {14},
  number = {1},
  pages = {2535},
  issn = {2041-1723},
  doi = {10.1038/s41467-023-37390-3},
  urldate = {2023-05-05},
  langid = {english}
}

@inproceedings{Hussain2021,
  title = {Displaced Phase Center Antenna Processing For Airborne Phased Array Radar},
  booktitle = {2021 International Bhurban Conference on Applied Sciences and Technologies (IBCAST)},
  author = {Hussain, Ahmed and Anjum, Umar and Channa, Babar Ali and Afzal, Waqas and Hussain, Israr and Mir, Imran},
  year = {2021},
  month = jan,
  pages = {988--992},
  publisher = {IEEE},
  address = {Islamabad, Pakistan},
  doi = {10.1109/IBCAST51254.2021.9393224},
  urldate = {2023-06-08},
  isbn = {978-1-66540-516-4},
  langid = {english}
}

@article{jiangWhenMetasurfaceMeets2019,
  title = {When Metasurface Meets Hologram: Principle and Advances},
  shorttitle = {When Metasurface Meets Hologram},
  author = {Jiang, Qiang and Jin, Guofan and Cao, Liangcai},
  year = {2019},
  month = sep,
  journal = {Advances in Optics and Photonics},
  volume = {11},
  number = {3},
  pages = {518},
  issn = {1943-8206},
  doi = {10.1364/AOP.11.000518},
  urldate = {2022-09-01},
  langid = {english}
}

@article{kaesImpactDefectOccupation2016,
  title = {Impact of Defect Occupation on Conduction in Amorphous Ge2Sb2Te5},
  author = {Kaes, Matthias and Salinga, Martin},
  year = {2016},
  month = aug,
  journal = {Scientific Reports},
  volume = {6},
  number = {1},
  pages = {31699},
  publisher = {Nature Publishing Group},
  issn = {2045-2322},
  doi = {10.1038/srep31699},
  urldate = {2022-12-09},
  copyright = {2016 The Author(s)},
  langid = {english}
}

@article{kaplanThermalEffectsAmorphous1971,
  title = {Thermal Effects in Amorphous-Semiconductor Switching},
  author = {Kaplan, Theodore and Adler, David},
  year = {1971},
  month = nov,
  journal = {Applied Physics Letters},
  volume = {19},
  number = {10},
  pages = {418--420},
  publisher = {American Institute of Physics},
  issn = {0003-6951},
  doi = {10.1063/1.1653754},
  urldate = {2022-12-09}
}

@inproceedings{Kikuchi2022,
  title = {Performance Improvement for Cu Interconnects by SAM and ELD Technologies},
  booktitle = {2022 IEEE International Interconnect Technology Conference (IITC)},
  author = {Kikuchi, Y. and Iwashita, M. and Nagai, H. and Komatsu, H. and Ozaki, Y. and Fujita, K. and Pattanaik, G. and Kawasaki, H. and Iwai, K.},
  year = {2022},
  month = jun,
  pages = {126--128},
  publisher = {IEEE},
  address = {San Jose, CA, USA},
  doi = {10.1109/IITC52079.2022.9881316},
  urldate = {2023-06-14},
  isbn = {978-1-66548-646-0},
  langid = {english}
}

@article{Kim2021,
  title = {Pixelated Bifunctional Metasurface-Driven Dynamic Vectorial Holographic Color Prints for Photonic Security Platform},
  author = {Kim, Inki and Jang, Jaehyuck and Kim, Gyeongtae and Lee, Jihae and Badloe, Trevon and Mun, Jungho and Rho, Junsuk},
  year = {2021},
  month = jun,
  journal = {Nature Communications},
  volume = {12},
  number = {1},
  pages = {3614},
  issn = {2041-1723},
  doi = {10.1038/s41467-021-23814-5},
  urldate = {2023-02-04},
  langid = {english}
}

@article{Kim2022,
  title = {Metasurface-Driven Full-Space Structured Light for Three-Dimensional Imaging},
  author = {Kim, Gyeongtae and Kim, Yeseul and Yun, Jooyeong and Moon, Seong-Won and Kim, Seokwoo and Kim, Jaekyung and Park, Junkyeong and Badloe, Trevon and Kim, Inki and Rho, Junsuk},
  year = {2022},
  month = oct,
  journal = {Nature Communications},
  volume = {13},
  number = {1},
  pages = {5920},
  issn = {2041-1723},
  doi = {10.1038/s41467-022-32117-2},
  urldate = {2023-03-02},
  langid = {english}
}

@article{kimPixelatedBifunctionalMetasurfacedriven2021,
  title = {Pixelated Bifunctional Metasurface-Driven Dynamic Vectorial Holographic Color Prints for Photonic Security Platform},
  author = {Kim, Inki and Jang, Jaehyuck and Kim, Gyeongtae and Lee, Jihae and Badloe, Trevon and Mun, Jungho and Rho, Junsuk},
  year = {2021},
  month = dec,
  journal = {Nature Communications},
  volume = {12},
  number = {1},
  pages = {3614},
  issn = {2041-1723},
  doi = {10.1038/s41467-021-23814-5},
  urldate = {2022-10-18},
  langid = {english}
}

@book{koganElectronicNoiseFluctuations2008,
  title = {Electronic Noise and Fluctuations in Solids},
  author = {Kogan, {\relax Sh}.},
  year = {2008},
  month = jul,
  journal = {Electronic Noise and Fluctuations in Solids},
  urldate = {2022-12-09},
  annotation = {ADS Bibcode: 2008enfs.book.....K}
}

@article{krebsChangesElectricalTransport2014,
  title = {Changes in Electrical Transport and Density of States of Phase Change Materials upon Resistance Drift},
  author = {Krebs, Daniel and Bachmann, Tobias and Jonnalagadda, Prasad and Dellmann, Laurent and Raoux, Simone},
  year = {2014},
  month = apr,
  journal = {New Journal of Physics},
  volume = {16},
  number = {4},
  pages = {043015},
  publisher = {IOP Publishing},
  issn = {1367-2630},
  doi = {10.1088/1367-2630/16/4/043015},
  urldate = {2022-12-09},
  langid = {english}
}

@article{kressHolographicOpticsPlanar2022,
  title = {Holographic Optics in Planar Optical Systems for next Generation Small Form Factor Mixed Reality Headsets},
  author = {Kress, Bernard C. and Pace, Maria},
  year = {2022},
  month = jul,
  journal = {Light: Advanced Manufacturing},
  volume = {3},
  pages = {1--31},
  publisher = {Light: Advanced Manufacturing},
  issn = {2689-9620},
  doi = {10.37188/lam.2022.042},
  urldate = {2022-08-31}
}

@article{Kulce2021,
  title = {All-Optical Information-Processing Capacity of Diffractive Surfaces},
  author = {Kulce, Onur and Mengu, Deniz and Rivenson, Yair and Ozcan, Aydogan},
  year = {2021},
  month = jan,
  journal = {Light: Science \& Applications},
  volume = {10},
  number = {1},
  pages = {25},
  publisher = {Nature Publishing Group},
  issn = {2047-7538},
  doi = {10.1038/s41377-020-00439-9},
  urldate = {2022-11-10},
  copyright = {2021 The Author(s)},
  langid = {english}
}

@article{leeNanoscaleNucleiPhase2014,
  title = {Nanoscale Nuclei in Phase Change Materials: Origin of Different Crystallization Mechanisms of Ge2Sb2Te5 and AgInSbTe},
  shorttitle = {Nanoscale Nuclei in Phase Change Materials},
  author = {Lee, Bong-Sub and Shelby, Robert M. and Raoux, Simone and Retter, Charles T. and Burr, Geoffrey W. and Bogle, Stephanie N. and Darmawikarta, Kristof and Bishop, Stephen G. and Abelson, John R.},
  year = {2014},
  month = feb,
  journal = {Journal of Applied Physics},
  volume = {115},
  number = {6},
  pages = {063506},
  publisher = {American Institute of Physics},
  issn = {0021-8979},
  doi = {10.1063/1.4865295},
  urldate = {2022-12-09}
}

@article{legalloEvidenceThermallyAssisted2016,
  title = {Evidence for Thermally Assisted Threshold Switching Behavior in Nanoscale Phase-Change Memory Cells},
  author = {Le Gallo, Manuel and Athmanathan, Aravinthan and Krebs, Daniel and Sebastian, Abu},
  year = {2016},
  month = jan,
  journal = {Journal of Applied Physics},
  volume = {119},
  number = {2},
  pages = {025704},
  publisher = {American Institute of Physics},
  issn = {0021-8979},
  doi = {10.1063/1.4938532},
  urldate = {2022-12-09}
}

@article{legalloOverviewPhasechangeMemory2020,
  title = {An Overview of Phase-Change Memory Device Physics},
  author = {Le Gallo, Manuel and Sebastian, Abu},
  year = {2020},
  month = may,
  journal = {Journal of Physics D: Applied Physics},
  volume = {53},
  number = {21},
  pages = {213002},
  issn = {0022-3727, 1361-6463},
  doi = {10.1088/1361-6463/ab7794},
  urldate = {2022-09-20},
  langid = {english}
}

@article{Lei2023,
  title = {Snapshot Multi-Dimensional Computational Imaging through a Liquid Crystal Diffuser},
  author = {Lei, Yunsong and Zhang, Qi and Guo, Yinghui and Pu, Mingbo and Zou, Fang and Li, Xiong and Ma, Xiaoliang and Luo, Xiangang},
  year = {2023},
  month = mar,
  journal = {Photonics Research},
  volume = {11},
  number = {3},
  pages = {B111},
  issn = {2327-9125},
  doi = {10.1364/PRJ.476317},
  urldate = {2023-04-20},
  langid = {english}
}

@article{leiMagnetronsputteredThermalevaporatedLowloss2022,
  title = {Magnetron-Sputtered and Thermal-Evaporated Low-Loss Sb-Se Phase-Change Films in Non-Volatile Integrated Photonics},
  author = {Lei, Kunhao and Lei, Kunhao and Wei, Maoliang and Wei, Maoliang and Chen, Zequn and Chen, Zequn and Chen, Zequn and Wu, Jianghong and Wu, Jianghong and Jian, Jialing and Jian, Jialing and Du, Jia and Li, Junying and Li, Junying and Li, Lan and Li, Lan and Li, Lan and Lin, Hongtao},
  year = {2022},
  month = jul,
  journal = {Optical Materials Express},
  volume = {12},
  number = {7},
  pages = {2815--2823},
  publisher = {Optica Publishing Group},
  issn = {2159-3930},
  doi = {10.1364/OME.462426},
  urldate = {2022-10-25},
  copyright = {\textcopyright{} 2022 Optica Publishing Group},
  langid = {english}
}

@article{Li2016,
  title = {Direct Evidence of Reactive Ion Etching Induced Damages in Ge2Sb2Te5 Based on Different Halogen Plasmas},
  author = {Li, Juntao and Xia, Yangyang and Liu, Bo and Feng, Gaoming and Song, Zhitang and Gao, Dan and Xu, Zhen and Wang, Weiwei and Chan, Yipeng and Feng, Songlin},
  year = {2016},
  month = aug,
  journal = {Applied Surface Science},
  volume = {378},
  pages = {163--166},
  issn = {01694332},
  doi = {10.1016/j.apsusc.2016.03.122},
  urldate = {2022-12-13},
  langid = {english}
}

@article{Li2016a,
  title = {Direct Evidence of Reactive Ion Etching Induced Damages in Ge2Sb2Te5 Based on Different Halogen Plasmas},
  author = {Li, Juntao and Xia, Yangyang and Liu, Bo and Feng, Gaoming and Song, Zhitang and Gao, Dan and Xu, Zhen and Wang, Weiwei and Chan, Yipeng and Feng, Songlin},
  year = {2016},
  month = aug,
  journal = {Applied Surface Science},
  volume = {378},
  pages = {163--166},
  issn = {0169-4332},
  doi = {10.1016/j.apsusc.2016.03.122},
  urldate = {2022-11-15},
  langid = {english}
}

@article{Li2020,
  title = {Recent Advances in Barrier Layer of Cu Interconnects},
  author = {Li, Zhi and Tian, Ye and Teng, Chao and Cao, Hai},
  year = {2020},
  month = nov,
  journal = {Materials},
  volume = {13},
  number = {21},
  pages = {5049},
  issn = {1996-1944},
  doi = {10.3390/ma13215049},
  urldate = {2023-06-14},
  langid = {english}
}

@phdthesis{Li2021,
  type = {博士},
  title = {基于流水线像素控制的高速低噪音低功耗CMOS图像传感器研究},
  author = {李, 扬},
  year = {2021},
  collaborator = {王, 欣洋},
  langid = {chinese},
  school = {中国科学院大学(中国科学院长春光学精密机械与物理研究所)}
}

@article{Li2022,
  title = {Independent Light Field Manipulation in Diffraction Orders of Metasurface Holography},
  author = {Li, Xin and Zhang, Xue and Zhao, Ruizhe and Geng, Guangzhou and Li, Junjie and Huang, Lingling and Wang, Yongtian},
  year = {2022},
  month = aug,
  journal = {Laser \& Photonics Reviews},
  volume = {16},
  number = {8},
  pages = {2100592},
  issn = {1863-8880, 1863-8899},
  doi = {10.1002/lpor.202100592},
  urldate = {2022-12-16},
  langid = {english}
}

@article{Li2023,
  title = {Intelligent Metasurface System for Automatic Tracking of Moving Targets and Wireless Communications Based on Computer Vision},
  author = {Li, Weihan and Ma, Qian and Liu, Che and Zhang, Yunfeng and Wu, Xianning and Wang, Jiawei and Gao, Shizhao and Qiu, Tianshuo and Liu, Tonghao and Xiao, Qiang and Wei, Jiaxuan and Gu, Ting Ting and Zhou, Zhize and Li, Fashuai and Cheng, Qiang and Li, Lianlin and Tang, Wenxuan and Cui, Tie Jun},
  year = {2023},
  month = feb,
  journal = {Nature Communications},
  volume = {14},
  number = {1},
  pages = {989},
  issn = {2041-1723},
  doi = {10.1038/s41467-023-36645-3},
  urldate = {2023-03-04},
  langid = {english}
}

@article{liCodeDivisionMultiplexing2021,
  title = {Code Division Multiplexing Inspired Dynamic Metasurface Holography},
  author = {Li, Xin and Zhao, Ruizhe and Wei, Qunshuo and Geng, Guangzhou and Li, Junjie and Zhang, Shuang and Huang, Lingling and Wang, Yongtian},
  year = {2021},
  journal = {Advanced Functional Materials},
  volume = {31},
  number = {35},
  pages = {2103326},
  issn = {1616-3028},
  doi = {10.1002/adfm.202103326},
  urldate = {2022-09-03},
  langid = {english}
}

@article{liHolobricksModularCoarse2022,
  title = {Holobricks: Modular Coarse Integral Holographic Displays},
  shorttitle = {Holobricks},
  author = {Li, Jin and Smithwick, Quinn and Chu, Daping},
  year = {2022},
  month = mar,
  journal = {Light: Science \& Applications},
  volume = {11},
  number = {1},
  pages = {57},
  publisher = {Nature Publishing Group},
  issn = {2047-7538},
  doi = {10.1038/s41377-022-00742-7},
  urldate = {2022-08-31},
  copyright = {2022 The Author(s)},
  langid = {english}
}

@article{Lin2018,
  title = {All-Optical Machine Learning Using Diffractive Deep Neural Networks},
  author = {Lin, Xing and Rivenson, Yair and Yardimci, Nezih T. and Veli, Muhammed and Luo, Yi and Jarrahi, Mona and Ozcan, Aydogan},
  year = {2018},
  month = sep,
  journal = {Science},
  volume = {361},
  number = {6406},
  pages = {1004--1008},
  issn = {0036-8075, 1095-9203},
  doi = {10.1126/science.aat8084},
  urldate = {2022-10-20},
  langid = {english}
}

@article{liuMultilayerSnSb4SbSe2017,
  title = {Multilayer SnSb4\textendash SbSe Thin Films for Phase Change Materials Possessing Ultrafast Phase Change Speed and Enhanced Stability},
  author = {Liu, Ruirui and Zhou, Xiao and Zhai, Jiwei and Song, Jun and Wu, Pengzhi and Lai, Tianshu and Song, Sannian and Song, Zhitang},
  year = {2017},
  month = aug,
  journal = {ACS Applied Materials \& Interfaces},
  volume = {9},
  number = {32},
  pages = {27004--27013},
  publisher = {American Chemical Society},
  issn = {1944-8244},
  doi = {10.1021/acsami.7b06533},
  urldate = {2022-10-22}
}

@article{liuResearchProgressOptical2021,
  title = {Research Progress in Optical Neural Networks: Theory, Applications and Developments},
  shorttitle = {Research Progress in Optical Neural Networks},
  author = {Liu, Jia and Wu, Qiuhao and Sui, Xiubao and Chen, Qian and Gu, Guohua and Wang, Liping and Li, Shengcai},
  year = {2021},
  month = dec,
  journal = {PhotoniX},
  volume = {2},
  number = {1},
  pages = {5},
  issn = {2662-1991},
  doi = {10.1186/s43074-021-00026-0},
  urldate = {2022-10-17},
  langid = {english}
}

@article{liuRewritableColorNanoprints2020,
  title = {Rewritable Color Nanoprints in Antimony Trisulfide Films},
  author = {Liu, Hailong and Dong, Weiling and Wang, Hao and Lu, Li and Ruan, Qifeng and Tan, You Sin and Simpson, Robert E. and Yang, Joel K. W.},
  year = {2020},
  month = dec,
  journal = {Science Advances},
  volume = {6},
  number = {51},
  pages = {eabb7171},
  issn = {2375-2548},
  doi = {10.1126/sciadv.abb7171},
  urldate = {2022-09-10},
  langid = {english}
}

@article{liuStudyPhaseChange2022,
  title = {The Study of Phase Change Properties of Sb70Se30 Thin Film with Scandium and Aluminum Doping},
  author = {Liu, Ruirui and Xu, Zhehao and Yuan, Yukang and Xu, Jiayue and Zhai, Jiwei and Song, Sannian and Song, Zhitang},
  year = {2022},
  month = aug,
  journal = {Journal of Physics D: Applied Physics},
  volume = {55},
  number = {42},
  pages = {425105},
  publisher = {IOP Publishing},
  issn = {0022-3727},
  doi = {10.1088/1361-6463/ac87bd},
  urldate = {2022-10-25},
  langid = {english}
}

@article{luExperimentalOpticalSecret2020,
  title = {Experimental Optical Secret Sharing via an Iterative Phase Retrieval Algorithm},
  author = {Lu, Dajiang and Liao, Meihua and He, Wenqi and Xing, Qi and Verma, Gaurav and Peng, Xiang},
  year = {2020},
  month = mar,
  journal = {Optics and Lasers in Engineering},
  volume = {126},
  pages = {105904},
  issn = {01438166},
  doi = {10.1016/j.optlaseng.2019.105904},
  urldate = {2022-09-07},
  langid = {english}
}

@article{Ma2022,
  title = {Pushing the Limits of Functionality-Multiplexing Capability in Metasurface Design Based on Statistical Machine Learning},
  author = {Ma, Wei and Xu, Yihao and Xiong, Bo and Deng, Lin and Peng, Ru-Wen and Wang, Mu and Liu, Yongmin},
  year = {2022},
  month = apr,
  journal = {Advanced Materials},
  volume = {34},
  number = {16},
  pages = {2110022},
  issn = {0935-9648, 1521-4095},
  doi = {10.1002/adma.202110022},
  urldate = {2022-12-16},
  langid = {english}
}

@article{makowskiDynamicComplexOptomagnetic2022,
  title = {Dynamic Complex Opto-Magnetic Holography},
  author = {Makowski, M. and Bomba, J. and Frej, A. and Kolodziejczyk, M. and Sypek, M. and Shimobaba, T. and Ito, T. and Kirilyuk, A. and Stupakiewicz, A.},
  year = {2022},
  month = nov,
  journal = {Nature Communications},
  volume = {13},
  number = {1},
  pages = {7286},
  publisher = {Nature Publishing Group},
  issn = {2041-1723},
  doi = {10.1038/s41467-022-35023-9},
  urldate = {2022-11-28},
  copyright = {2022 The Author(s)},
  langid = {english}
}

@article{mavlonovReviewSb2Se3Photovoltaic2020,
  title = {A Review of Sb2Se3 Photovoltaic Absorber Materials and Thin-Film Solar Cells},
  author = {Mavlonov, Abdurashid and Razykov, Takhir and Raziq, Fazal and Gan, Jiantuo and Chantana, Jakapan and Kawano, Yu and Nishimura, Takahito and Wei, Haoming and Zakutayev, Andriy and Minemoto, Takashi and Zu, Xiaotao and Li, Sean and Qiao, Liang},
  year = {2020},
  month = may,
  journal = {Solar Energy},
  volume = {201},
  pages = {227--246},
  issn = {0038092X},
  doi = {10.1016/j.solener.2020.03.009},
  urldate = {2022-11-15},
  langid = {english}
}

@article{Meng,
  title = {Compact Optical Convolution Processing Unit Based on Incoherent Multimode Interference},
  author = {Meng, Xiangyan and Zhang, Guojie and Shi, Nuannuan and Li, Guangyi and Aza{\~n}a, Jos{\'e} and Capmany, Jos{\'e} and Yao, Jianping and Shen, Yichen and Li, Wei and Zhu, Ninghua and Li, Ming},
  langid = {english}
}

@article{Meng2023,
  title = {Compact Optical Convolution Processing Unit Based on Multimode Interference},
  author = {Meng, Xiangyan and Zhang, Guojie and Shi, Nuannuan and Li, Guangyi and Aza{\~n}a, Jos{\'e} and Capmany, Jos{\'e} and Yao, Jianping and Shen, Yichen and Li, Wei and Zhu, Ninghua and Li, Ming},
  year = {2023},
  month = may,
  journal = {Nature Communications},
  volume = {14},
  number = {1},
  pages = {3000},
  issn = {2041-1723},
  doi = {10.1038/s41467-023-38786-x},
  urldate = {2023-05-27},
  langid = {english}
}

@article{millerOpticalPhaseChange2018,
  title = {Optical Phase Change Materials in Integrated Silicon Photonic Devices: Review},
  shorttitle = {Optical Phase Change Materials in Integrated Silicon Photonic Devices},
  author = {Miller, Kevin J. and Haglund, Richard F. and Weiss, Sharon M.},
  year = {2018},
  month = aug,
  journal = {Optical Materials Express},
  volume = {8},
  number = {8},
  pages = {2415},
  issn = {2159-3930},
  doi = {10.1364/OME.8.002415},
  urldate = {2022-09-10},
  langid = {english}
}

@article{moitraProgrammableWavefrontControl,
  title = {Programmable Wavefront Control in the Visible Spectrum Using Low-Loss Chalcogenide Phase Change Metasurfaces},
  author = {Moitra, Parikshit and Wang, Yunzheng and Liang, Xinan and Lu, Li and Poh, Alyssa and Mass, Tobias W.W. and Simpson, Robert E. and Kuznetsov, Arseniy I. and {Paniagua-Dominguez}, Ramon},
  journal = {Advanced Materials},
  volume = {n/a},
  number = {n/a},
  pages = {2205367},
  issn = {1521-4095},
  doi = {10.1002/adma.202205367},
  urldate = {2022-11-18},
  langid = {english}
}

@article{Monakhova2020,
  title = {Spectral DiffuserCam: Lensless Snapshot Hyperspectral Imaging with a Spectral Filter Array},
  shorttitle = {Spectral DiffuserCam},
  author = {Monakhova, Kristina and Yanny, Kyrollos and Aggarwal, Neerja and Waller, Laura},
  year = {2020},
  month = oct,
  journal = {Optica},
  volume = {7},
  number = {10},
  pages = {1298},
  issn = {2334-2536},
  doi = {10.1364/OPTICA.397214},
  urldate = {2022-12-12},
  langid = {english}
}

@article{Mori2023,
  title = {Self-Formation of a Ru/ZnO Multifunctional Bilayer for the Next-Generation Interconnect Technology via Area-Selective Atomic Layer Deposition},
  author = {Mori, Yuki and Cheon, Taehoon and Kotsugi, Yohei and Kim, Youn-Hye and Park, Yejin and Ansari, Mohd Zahid and Mohapatra, Debananda and Jang, Yujin and Bae, Jong-Seong and Kwon, Woobin and Kim, Gahui and Park, Young-Bae and Lee, Han-Bo-Ram and Song, Wooseok and Kim, Soo-Hyun},
  year = {2023},
  month = may,
  journal = {Small},
  pages = {2300290},
  issn = {1613-6810, 1613-6829},
  doi = {10.1002/smll.202300290},
  urldate = {2023-06-15},
  langid = {english}
}

@article{Motoyama,
  title = {Co-Doped Ru Liners for Highly Reliable Cu Interconnects with Selective Co Cap},
  author = {Motoyama, K},
  langid = {english}
}

@article{mutluProcessingDataWhere2019,
  title = {Processing Data Where It Makes Sense: Enabling in-Memory Computation},
  shorttitle = {Processing Data Where It Makes Sense},
  author = {Mutlu, Onur and Ghose, Saugata and {G{\'o}mez-Luna}, Juan and Ausavarungnirun, Rachata},
  year = {2019},
  month = jun,
  journal = {Microprocessors and Microsystems},
  volume = {67},
  pages = {28--41},
  issn = {0141-9331},
  doi = {10.1016/j.micpro.2019.01.009},
  urldate = {2022-12-09},
  langid = {english}
}

@article{nardoneElectricalConductionChalcogenide2012,
  title = {Electrical Conduction in Chalcogenide Glasses of Phase Change Memory},
  author = {Nardone, M. and Simon, M. and Karpov, I. V. and Karpov, V. G.},
  year = {2012},
  month = oct,
  journal = {Journal of Applied Physics},
  volume = {112},
  number = {7},
  pages = {071101},
  publisher = {American Institute of Physics},
  issn = {0021-8979},
  doi = {10.1063/1.4738746},
  urldate = {2022-12-09}
}

@article{nisarOnChipIntegratedPhotonic2021,
  title = {On-Chip Integrated Photonic Devices Based on Phase Change Materials},
  author = {Nisar, Muhammad Shemyal and Yang, Xing and Lu, Liangjun and Chen, Jianping and Zhou, Linjie},
  year = {2021},
  month = jun,
  journal = {Photonics},
  volume = {8},
  number = {6},
  pages = {205},
  issn = {2304-6732},
  doi = {10.3390/photonics8060205},
  urldate = {2022-09-10},
  langid = {english}
}

@inproceedings{Nogami2022,
  title = {Advanced BEOL Materials, Processes, and Integration to Reduce Line Resistance of Damascene Cu, Co, and Subtractive Ru Interconnects},
  booktitle = {2022 IEEE Symposium on VLSI Technology and Circuits (VLSI Technology and Circuits)},
  author = {Nogami, Takeshi and Gluschenkov, Oleg and Sulehria, Yasir and Nguyen, Son and Peethala, Brown and Huang, Huai and Shobha, Hosadurga and Lanzillo, Nick and Patlolla, Raghuveer and Sil, Devika and Simon, Andrew and Edelstein, Daniel and Felix, Nelson and Liu, Junjun and Tabata, Toshiyuki and Mazzamuto, Fulvio and Halty, Sebastien and Roze, Fabien and Okuno, Yasutoshi and Uedono, Akira},
  year = {2022},
  month = jun,
  pages = {423--424},
  publisher = {IEEE},
  address = {Honolulu, HI, USA},
  doi = {10.1109/VLSITechnologyandCir46769.2022.9830488},
  urldate = {2023-06-14},
  isbn = {978-1-66549-772-5},
  langid = {english}
}

@misc{NonIdealJunction,
  title = {Non-Ideal P-n Junction Diode of SbxSe1-x (x\,=\,0.4, 0.5, 0.6, 0.7) Thin Films: AIP Conference Proceedings: Vol 1393, No 1},
  urldate = {2022-10-25},
  howpublished = {https://aip.scitation.org/doi/pdf/10.1063/1.3653616}
}

@article{ohnoSiMicroringResonator2022,
  title = {Si Microring Resonator Crossbar Array for On-Chip Inference and Training of the Optical Neural Network},
  author = {Ohno, Shuhei and Tang, Rui and Toprasertpong, Kasidit and Takagi, Shinichi and Takenaka, Mitsuru},
  year = {2022},
  month = aug,
  journal = {ACS Photonics},
  volume = {9},
  number = {8},
  pages = {2614--2622},
  issn = {2330-4022, 2330-4022},
  doi = {10.1021/acsphotonics.1c01777},
  urldate = {2022-10-14},
  langid = {english}
}

@article{ongaroSyntheticTheoryPoole1991,
  title = {Synthetic Theory of Poole and Poole-Frenkel (PF) Effects},
  author = {Ongaro, R. and Pillonnet, A.},
  year = {1991},
  month = mar,
  journal = {IEE Proceedings A (Science, Measurement and Technology)},
  volume = {138},
  number = {2},
  pages = {127--137},
  publisher = {IET Digital Library},
  issn = {2054-0337},
  doi = {10.1049/ip-a-3.1991.0018},
  urldate = {2022-12-09},
  langid = {english}
}

@article{ovshinskyReversibleElectricalSwitching1968,
  title = {Reversible Electrical Switching Phenomena in Disordered Structures},
  author = {Ovshinsky, Stanford R.},
  year = {1968},
  month = nov,
  journal = {Physical Review Letters},
  volume = {21},
  number = {20},
  pages = {1450--1453},
  publisher = {American Physical Society},
  doi = {10.1103/PhysRevLett.21.1450},
  urldate = {2022-12-09}
}

@article{padillaVoltagePolarityEffects2011,
  title = {Voltage Polarity Effects in Ge2Sb2Te5-Based Phase Change Memory Devices},
  author = {Padilla, Alvaro and Burr, Geoffrey W. and Rettner, Charles T. and Topuria, Teya and Rice, Philip M. and Jackson, Bryan and Virwani, Kumar and Kellock, Andrew J. and Dupouy, Diego and Debunne, Anthony and Shelby, Robert M. and Gopalakrishnan, Kailash and Shenoy, Rohit S. and Kurdi, B{\"u}lent N.},
  year = {2011},
  month = sep,
  journal = {Journal of Applied Physics},
  volume = {110},
  number = {5},
  pages = {054501},
  publisher = {American Institute of Physics},
  issn = {0021-8979},
  doi = {10.1063/1.3626047},
  urldate = {2022-12-09}
}

@article{Pai2023,
  title = {Experimentally Realized in Situ Backpropagation for Deep Learning in Photonic Neural Networks},
  author = {Pai, Sunil and Sun, Zhanghao and Hughes, Tyler W. and Park, Taewon and Bartlett, Ben and Williamson, Ian A. D. and Minkov, Momchil and Milanizadeh, Maziyar and Abebe, Nathnael and Morichetti, Francesco and Melloni, Andrea and Fan, Shanhui and Solgaard, Olav and Miller, David A. B.},
  year = {2023},
  month = apr,
  journal = {Science},
  volume = {380},
  number = {6643},
  pages = {398--404},
  issn = {0036-8075, 1095-9203},
  doi = {10.1126/science.ade8450},
  urldate = {2023-05-27},
  langid = {english}
}

@article{Pai2023a,
  title = {Experimentally Realized in Situ Backpropagation for Deep Learning in Photonic Neural Networks},
  author = {Pai, Sunil and Sun, Zhanghao and Hughes, Tyler W. and Park, Taewon and Bartlett, Ben and Williamson, Ian A. D. and Minkov, Momchil and Milanizadeh, Maziyar and Abebe, Nathnael and Morichetti, Francesco and Melloni, Andrea and Fan, Shanhui and Solgaard, Olav and Miller, David A. B.},
  year = {2023},
  month = apr,
  journal = {Science},
  volume = {380},
  number = {6643},
  pages = {398--404},
  issn = {0036-8075, 1095-9203},
  doi = {10.1126/science.ade8450},
  urldate = {2023-05-26},
  langid = {english}
}

@article{Pai2023b,
  title = {Experimentally Realized in Situ Backpropagation for Deep Learning in Photonic Neural Networks},
  author = {Pai, Sunil and Sun, Zhanghao and Hughes, Tyler W. and Park, Taewon and Bartlett, Ben and Williamson, Ian A. D. and Minkov, Momchil and Milanizadeh, Maziyar and Abebe, Nathnael and Morichetti, Francesco and Melloni, Andrea and Fan, Shanhui and Solgaard, Olav and Miller, David A. B.},
  year = {2023},
  month = apr,
  journal = {Science},
  volume = {380},
  number = {6643},
  pages = {398--404},
  issn = {0036-8075, 1095-9203},
  doi = {10.1126/science.ade8450},
  urldate = {2023-05-27},
  langid = {english}
}

@article{Palmer2022,
  title = {A Primer on Phased Array Radar Technology for the Atmospheric Sciences},
  author = {Palmer, Robert and Bodine, David and Kollias, Pavlos and Schvartzman, David and Zrni{\'c}, Dusan and Kirstetter, Pierre and Zhang, Guifu and Yu, Tian-You and Kumjian, Matthew and Cheong, Boonleng and Collis, Scott and Frasier, Stephen and Fulton, Caleb and Hondl, Kurt and Kurdzo, James and Ushio, Tomoo and Rowe, Angela and {Salazar-Cerren-o}, Jorge and Torres, Sebasti{\'a}n and Weber, Mark and Yeary, Mark},
  year = {2022},
  month = oct,
  journal = {Bulletin of the American Meteorological Society},
  volume = {103},
  number = {10},
  pages = {E2391-E2416},
  issn = {0003-0007, 1520-0477},
  doi = {10.1175/BAMS-D-21-0172.1},
  urldate = {2023-06-08},
  langid = {english}
}

@article{panDielectricMetalensMiniaturized2022,
  title = {Dielectric Metalens for Miniaturized Imaging Systems: Progress and Challenges},
  shorttitle = {Dielectric Metalens for Miniaturized Imaging Systems},
  author = {Pan, Meiyan and Fu, Yifei and Zheng, Mengjie and Chen, Hao and Zang, Yujia and Duan, Huigao and Li, Qiang and Qiu, Min and Hu, Yueqiang},
  year = {2022},
  month = jun,
  journal = {Light: Science \& Applications},
  volume = {11},
  number = {1},
  pages = {195},
  publisher = {Nature Publishing Group},
  issn = {2047-7538},
  doi = {10.1038/s41377-022-00885-7},
  urldate = {2022-11-16},
  copyright = {2022 The Author(s)},
  langid = {english}
}

@article{parkStudyCrystallizationBehavior2016,
  title = {Study on the Crystallization Behavior of Nitrogen-Doped SbSe Films for PCRAM Applications},
  author = {Park, Jun Hyuk and Jeong, Jin Hwan and Choi, Doo Jin},
  year = {2016},
  journal = {physica status solidi (a)},
  volume = {213},
  number = {6},
  pages = {1526--1534},
  issn = {1862-6319},
  doi = {10.1002/pssa.201533008},
  urldate = {2022-10-25},
  langid = {english}
}

@inproceedings{Peng2020,
  title = {Study of Adhesion for Cu/Ru(Zn) on Dielectrics by an Improved Four-Point Bending Measurement},
  booktitle = {2020 IEEE International Interconnect Technology Conference (IITC)},
  author = {Peng, Wang and Qu, Xin-Ping and Dordi, Yezdi},
  year = {2020},
  month = oct,
  pages = {115--117},
  publisher = {IEEE},
  address = {San Jose, CA, USA},
  doi = {10.1109/IITC47697.2020.9515675},
  urldate = {2023-06-14},
  isbn = {978-1-72816-113-6},
  langid = {english}
}

@inproceedings{Penny2022,
  title = {Subtractive Ru Interconnect Enabled by Novel Patterning Solution for EUV Double Patterning and TopVia with Embedded Airgap Integration for Post Cu Interconnect Scaling},
  booktitle = {2022 International Electron Devices Meeting (IEDM)},
  author = {Penny, C. and Motoyama, K. and Ghosh, S. and Bae, T. and Lanzillo, N. and Sieg, S. and Park, C. and Zou, L. and Lee, H. and Metzler, D. and Lee, J. and Cho, S. and Shoudy, M. and Nguyen, S. and Simon, A. and Park, K. and Clevenger, L. and Anderson, B. and Child, C. and Yamashita, T. and Arnold, J. and Wu, T. and Spooner, T. and Choi, K. and Seo, K-I. and Guo, D.},
  year = {2022},
  month = dec,
  pages = {12.1.1-12.1.4},
  publisher = {IEEE},
  address = {San Francisco, CA, USA},
  doi = {10.1109/IEDM45625.2022.10019479},
  urldate = {2023-06-14},
  isbn = {978-1-66548-959-1},
  langid = {english}
}

@article{PerformingCalculusEpsilonnearzero2022,
  title = {Performing Calculus with Epsilon-near-Zero Metamaterials},
  year = {2022},
  journal = {SCIENCE ADVANCES},
  pages = {10},
  langid = {english}
}

@article{pfeifferCascadedMetasurfacesComplete2013,
  title = {Cascaded Metasurfaces for Complete Phase and Polarization Control},
  author = {Pfeiffer, Carl and Grbic, Anthony},
  year = {2013},
  journal = {Appl. Phys. Lett.},
  pages = {5},
  langid = {english}
}

@misc{PhasechangeMaterialsRewriteable,
  title = {Phase-Change Materials for Rewriteable Data Storage | Nature Materials},
  urldate = {2022-12-09},
  howpublished = {https://www.nature.com/articles/nmat2009}
}

@article{pioro2008electrically,
  title = {Electrically Driven Single-Electron Spin Resonance in a Slanting Zeeman Field},
  author = {{Pioro-Ladriere}, M and Obata, T and Tokura, Y and Shin, Y-S and Kubo, Toshihiro and Yoshida, K and Taniyama, T and Tarucha, S},
  year = {2008},
  journal = {Nature Physics},
  volume = {4},
  number = {10},
  pages = {776--779},
  publisher = {Nature Publishing Group}
}

@article{poultonCoherentSolidstateLIDAR2017,
  title = {Coherent Solid-State LIDAR with Silicon Photonic Optical Phased Arrays},
  author = {Poulton, Christopher V. and Yaacobi, Ami and Cole, David B. and Byrd, Matthew J. and Raval, Manan and Vermeulen, Diedrik and Watts, Michael R.},
  year = {2017},
  month = oct,
  journal = {Optics Letters},
  volume = {42},
  number = {20},
  pages = {4091},
  issn = {0146-9592, 1539-4794},
  doi = {10.1364/OL.42.004091},
  urldate = {2022-09-10},
  langid = {english}
}

@misc{ProgrammableWavefrontControl,
  title = {Programmable Wavefront Control in the Visible Spectrum Using Low-loss Chalcogenide Phase Change Metasurfaces},
  doi = {10.1002/adma.202205367},
  urldate = {2022-11-08},
  howpublished = {https://webvpn.fudan.edu.cn/https/77726476706e69737468656265737421fff94d95293564597c1a88be811b343cb55cc5e3193677/doi/epdf/10.1002/adma.202205367},
  langid = {english}
}

@article{raeis-hosseiniMetasurfacesBasedPhaseChange2017,
  title = {Metasurfaces Based on Phase-Change Material as a Reconfigurable Platform for Multifunctional Devices},
  author = {{Raeis-Hosseini}, Niloufar and Rho, Junsuk},
  year = {2017},
  month = sep,
  journal = {Materials},
  volume = {10},
  number = {9},
  pages = {1046},
  issn = {1996-1944},
  doi = {10.3390/ma10091046},
  urldate = {2022-09-10},
  langid = {english}
}

@article{raouxPhasechangeRandomAccess2008,
  title = {Phase-Change Random Access Memory: A Scalable Technology},
  shorttitle = {Phase-Change Random Access Memory},
  author = {Raoux, S. and Burr, G. W. and Breitwisch, M. J. and Rettner, C. T. and Chen, Y.-C. and Shelby, R. M. and Salinga, M. and Krebs, D. and Chen, S.-H. and Lung, H.-L. and Lam, C. H.},
  year = {2008},
  month = jul,
  journal = {IBM Journal of Research and Development},
  volume = {52},
  number = {4.5},
  pages = {465--479},
  issn = {0018-8646},
  doi = {10.1147/rd.524.0465}
}

@misc{RapidThermalProcess,
  title = {Rapid Thermal Process to Fabricate Sb2Se3 Thin Film for Solar Cell Application | Elsevier Enhanced Reader},
  doi = {10.1016/j.solener.2016.08.020},
  urldate = {2022-10-26},
  howpublished = {https://reader.elsevier.com/reader/sd/pii/S0038092X16303474?token=51BAF3F0527380F108E1E64933C414548E26D77CCEF7DF2674CF2A1F25DC11A816D22418956F757E91BDECDA2A0F3A7F\&originRegion=us-east-1\&originCreation=20221026142503},
  langid = {english}
}

@article{ratyAgingMechanismsAmorphous2015,
  title = {Aging Mechanisms in Amorphous Phase-Change Materials},
  author = {Raty, Jean Yves and Zhang, Wei and Luckas, Jennifer and Chen, Chao and Mazzarello, Riccardo and Bichara, Christophe and Wuttig, Matthias},
  year = {2015},
  month = jun,
  journal = {Nature Communications},
  volume = {6},
  number = {1},
  pages = {7467},
  publisher = {Nature Publishing Group},
  issn = {2041-1723},
  doi = {10.1038/ncomms8467},
  urldate = {2022-12-09},
  copyright = {2015 Nature Publishing Group, a division of Macmillan Publishers Limited. All Rights Reserved.},
  langid = {english}
}

@misc{RecentAdvancesLensless,
  title = {Recent Advances in Lensless Imaging},
  urldate = {2022-10-18},
  howpublished = {https://opg.optica.org/optica/fulltext.cfm?uri=optica-9-1-1\&id=466274}
}

@article{Reck1994,
  title = {Experimental Realization of Any Discrete Unitary Operator},
  author = {Reck, Michael and Zeilinger, Anton and Bernstein, Herbert J. and Bertani, Philip},
  year = {1994},
  month = jul,
  journal = {Physical Review Letters},
  volume = {73},
  number = {1},
  pages = {58--61},
  issn = {0031-9007},
  doi = {10.1103/PhysRevLett.73.58},
  urldate = {2023-05-26},
  langid = {english}
}

@article{redaelliThresholdSwitchingPhase2008,
  title = {Threshold Switching and Phase Transition Numerical Models for Phase Change Memory Simulations},
  author = {Redaelli, A. and Pirovano, A. and Benvenuti, A. and Lacaita, A. L.},
  year = {2008},
  month = jun,
  journal = {Journal of Applied Physics},
  volume = {103},
  number = {11},
  pages = {111101},
  publisher = {American Institute of Physics},
  issn = {0021-8979},
  doi = {10.1063/1.2931951},
  urldate = {2022-12-09}
}

@misc{ReliabilityImpactChalcogenideStructure,
  title = {(8) Reliability Impact of Chalcogenide-Structure Relaxation in Phase-Change Memory (PCM) Cells\textemdash Part II: Physics-Based Modeling | Request PDF},
  urldate = {2022-12-09},
  howpublished = {https://www.researchgate.net/publication/224397268\_Reliability\_Impact\_of\_Chalcogenide-Structure\_Relaxation\_in\_Phase-Change\_Memory\_PCM\_Cells-Part\_II\_Physics-Based\_Modeling}
}

@article{renComplexamplitudeMetasurfacebasedOrbital2020,
  title = {Complex-Amplitude Metasurface-Based Orbital Angular Momentum Holography in Momentum Space},
  author = {Ren, Haoran and Fang, Xinyuan and Jang, Jaehyuck and B{\"u}rger, Johannes and Rho, Junsuk and Maier, Stefan A.},
  year = {2020},
  month = nov,
  journal = {Nature Nanotechnology},
  volume = {15},
  number = {11},
  pages = {948--955},
  publisher = {Nature Publishing Group},
  issn = {1748-3395},
  doi = {10.1038/s41565-020-0768-4},
  urldate = {2022-09-01},
  copyright = {2020 The Author(s), under exclusive licence to Springer Nature Limited},
  langid = {english}
}

@article{renExploringPhaseChange2021,
  title = {Exploring Phase-Change Memory: From Material Systems to Device Physics},
  shorttitle = {Exploring Phase-Change Memory},
  author = {Ren, Yanyun and Sun, Ruoyao and Chen, Stephenie Hiu Yuet and Du, Chunyu and Han, Su-Ting and Zhou, Ye},
  year = {2021},
  month = mar,
  journal = {physica status solidi (RRL) \textendash{} Rapid Research Letters},
  volume = {15},
  number = {3},
  pages = {2000394},
  issn = {1862-6254, 1862-6270},
  doi = {10.1002/pssr.202000394},
  urldate = {2022-09-20},
  langid = {english}
}

@article{riosUltracompactNonvolatilePhotonics,
  title = {Ultra-Compact Nonvolatile Photonics Based on Electrically Reprogrammable Transparent Phase Change Materials},
  author = {R{\'i}os, Carlos and Du, Qingyang and Zhang, Yifei and Popescu, Cosmin-Constantin and Miller, Paul and Roberts, Christopher and Kang, Myungkoo and Richardson, Kathleen A and Vitale, Steven and Hu, Juejun},
  pages = {14},
  langid = {english}
}

@article{rogersUniversal3DImaging2021,
  title = {A Universal 3D Imaging Sensor on a Silicon Photonics Platform},
  author = {Rogers, Christopher and Piggott, Alexander Y. and Thomson, David J. and Wiser, Robert F. and Opris, Ion E. and Fortune, Steven A. and Compston, Andrew J. and Gondarenko, Alexander and Meng, Fanfan and Chen, Xia and Reed, Graham T. and Nicolaescu, Remus},
  year = {2021},
  month = feb,
  journal = {Nature},
  volume = {590},
  number = {7845},
  pages = {256--261},
  issn = {0028-0836, 1476-4687},
  doi = {10.1038/s41586-021-03259-y},
  urldate = {2022-09-10},
  langid = {english}
}

@article{Saia1991,
  title = {Selective Reactive Ion Etching of Indium-Tin Oxide in a Hydrocarbon Gas Mixture},
  author = {Saia, R. J. and Kwasnick, R. F. and Wei, C. Y.},
  year = {1991},
  month = feb,
  journal = {Journal of The Electrochemical Society},
  volume = {138},
  number = {2},
  pages = {493--496},
  issn = {0013-4651, 1945-7111},
  doi = {10.1149/1.2085616},
  urldate = {2022-12-13},
  langid = {english}
}

@article{saxenaExploringUltrafastThreshold2019,
  title = {Exploring Ultrafast Threshold Switching in In3SbTe2 Phase Change Memory Devices},
  author = {Saxena, Nishant and Persch, Christoph and Wuttig, Matthias and Manivannan, Anbarasu},
  year = {2019},
  month = dec,
  journal = {Scientific Reports},
  volume = {9},
  number = {1},
  pages = {19251},
  publisher = {Nature Publishing Group},
  issn = {2045-2322},
  doi = {10.1038/s41598-019-55874-5},
  urldate = {2022-12-09},
  copyright = {2019 The Author(s)},
  langid = {english}
}

@article{sebastianTutorialBraininspiredComputing2018,
  title = {Tutorial: Brain-Inspired Computing Using Phase-Change Memory Devices},
  shorttitle = {Tutorial},
  author = {Sebastian, Abu and Le Gallo, Manuel and Burr, Geoffrey W. and Kim, Sangbum and BrightSky, Matthew and Eleftheriou, Evangelos},
  year = {2018},
  month = sep,
  journal = {Journal of Applied Physics},
  volume = {124},
  number = {11},
  pages = {111101},
  issn = {0021-8979, 1089-7550},
  doi = {10.1063/1.5042413},
  urldate = {2022-09-20},
  langid = {english}
}

@article{senerMultiTaskLearningMultiObjective,
  title = {Multi-Task Learning as Multi-Objective Optimization},
  author = {Sener, Ozan and Koltun, Vladlen},
  pages = {12},
  langid = {english}
}

@inproceedings{senerMultiTaskLearningMultiObjective2018,
  title = {Multi-Task Learning as Multi-Objective Optimization},
  booktitle = {Advances in Neural Information Processing Systems},
  author = {Sener, Ozan and Koltun, Vladlen},
  editor = {Bengio, S. and Wallach, H. and Larochelle, H. and Grauman, K. and {Cesa-Bianchi}, N. and Garnett, R.},
  year = {2018},
  volume = {31},
  publisher = {Curran Associates, Inc.}
}

@article{shalaginovReconfigurableAlldielectricMetalens2021,
  title = {Reconfigurable All-Dielectric Metalens with Diffraction-Limited Performance},
  author = {Shalaginov, Mikhail Y. and An, Sensong and Zhang, Yifei and Yang, Fan and Su, Peter and Liberman, Vladimir and Chou, Jeffrey B. and Roberts, Christopher M. and Kang, Myungkoo and Rios, Carlos and Du, Qingyang and Fowler, Clayton and Agarwal, Anuradha and Richardson, Kathleen A. and {Rivero-Baleine}, Clara and Zhang, Hualiang and Hu, Juejun and Gu, Tian},
  year = {2021},
  month = dec,
  journal = {Nature Communications},
  volume = {12},
  number = {1},
  pages = {1225},
  issn = {2041-1723},
  doi = {10.1038/s41467-021-21440-9},
  urldate = {2022-09-10},
  langid = {english}
}

@article{Shen2016,
  title = {Surface Etching Mechanism of Carbon-Doped Ge2Sb2Te5 Phase Change Material in Fluorocarbon Plasma},
  author = {Shen, Lanlan and Song, Sannian and Song, Zhitang and Li, Le and Guo, Tianqi and Cheng, Yan and Lv, Shilong and Wu, Liangcai and Liu, Bo and Feng, Songlin},
  year = {2016},
  month = sep,
  journal = {Applied Physics A},
  volume = {122},
  number = {9},
  pages = {865},
  issn = {0947-8396, 1432-0630},
  doi = {10.1007/s00339-016-0381-4},
  urldate = {2022-12-13},
  langid = {english}
}

@article{Shen2017,
  title = {Deep Learning with Coherent Nanophotonic Circuits},
  author = {Shen, Yichen and Harris, Nicholas C. and Skirlo, Scott and Prabhu, Mihika and {Baehr-Jones}, Tom and Hochberg, Michael and Sun, Xin and Zhao, Shijie and Larochelle, Hugo and Englund, Dirk and Solja{\v c}i{\'c}, Marin},
  year = {2017},
  month = jul,
  journal = {Nature Photonics},
  volume = {11},
  number = {7},
  pages = {441--446},
  issn = {1749-4885, 1749-4893},
  doi = {10.1038/nphoton.2017.93},
  urldate = {2023-04-24},
  langid = {english}
}

@article{Shen2023,
  title = {Monocular Metasurface Camera for Passive Single-Shot 4D Imaging},
  author = {Shen, Zicheng and Zhao, Feng and Jin, Chunqi and Wang, Shuai and Cao, Liangcai and Yang, Yuanmu},
  year = {2023},
  month = feb,
  journal = {Nature Communications},
  volume = {14},
  number = {1},
  pages = {1035},
  issn = {2041-1723},
  doi = {10.1038/s41467-023-36812-6},
  urldate = {2023-03-02},
  langid = {english}
}

@misc{smithIntelWindOptane,
  title = {Intel To Wind Down Optane Memory Business - 3D XPoint Storage Tech Reaches Its End},
  author = {Smith, Ryan},
  urldate = {2022-12-09},
  howpublished = {https://www.anandtech.com/show/17515/intel-to-wind-down-optane-memory-business}
}

@article{songPtychographyRetrievalFully2020,
  title = {Ptychography Retrieval of Fully Polarized Holograms from Geometric-Phase Metasurfaces},
  author = {Song, Qinghua and Baroni, Arthur and Sawant, Rajath and Ni, Peinan and Brandli, Virginie and Chenot, S{\'e}bastien and V{\'e}zian, St{\'e}phane and Damilano, Benjamin and {de Mierry}, Philippe and Khadir, Samira and Ferrand, Patrick and Genevet, Patrice},
  year = {2020},
  month = dec,
  journal = {Nature Communications},
  volume = {11},
  number = {1},
  pages = {2651},
  issn = {2041-1723},
  doi = {10.1038/s41467-020-16437-9},
  urldate = {2022-10-18},
  langid = {english}
}

@article{soRevisitingDesignStrategies,
  title = {Revisiting the Design Strategies for Metasurfaces: Fundamental Physics, Optimization, and Beyond},
  shorttitle = {Revisiting the Design Strategies for Metasurfaces},
  author = {So, Sunae and Mun, Jungho and Park, Junghyun and Rho, Junsuk},
  journal = {Advanced Materials},
  volume = {n/a},
  number = {n/a},
  pages = {2206399},
  issn = {1521-4095},
  doi = {10.1002/adma.202206399},
  urldate = {2022-11-01},
  langid = {english}
}

@misc{SputteredSelenizedSb2Se3,
  title = {Sputtered and Selenized Sb2Se3 Thin-Film Solar Cells with Open-Circuit Voltage Exceeding 500 mV | Elsevier Enhanced Reader},
  doi = {10.1016/j.nanoen.2020.104806},
  urldate = {2022-10-26},
  howpublished = {https://reader.elsevier.com/reader/sd/pii/S2211285520303633?token=83973B851E3B100C5D99881CFC62B0C689A3EB6296AB7F66C044F525F7818BF567D9204EF029C90247FE3EE5487522E4\&originRegion=us-east-1\&originCreation=20221026142543},
  langid = {english}
}

@misc{Static,
  title = {Chartero},
  author = {{static}, volatile},
  collaborator = {{Chartero}}
}

@misc{Statica,
  title = {Chartero},
  author = {{static}, volatile},
  collaborator = {{Chartero}}
}

@misc{Staticaa,
  title = {Chartero},
  author = {{static}, volatile},
  collaborator = {{Chartero}}
}

@misc{Staticab,
  title = {Chartero},
  author = {{static}, volatile},
  collaborator = {{Chartero}}
}

@misc{Staticac,
  title = {Chartero},
  author = {{static}, volatile},
  collaborator = {{Chartero}}
}

@misc{Staticad,
  title = {Chartero},
  author = {{static}, volatile},
  collaborator = {{Chartero}}
}

@misc{Staticae,
  title = {Chartero},
  author = {{static}, volatile},
  collaborator = {{Chartero}}
}

@misc{Staticaf,
  title = {Chartero},
  author = {{static}, volatile},
  collaborator = {{Chartero}}
}

@misc{Staticag,
  title = {Chartero},
  author = {{static}, volatile},
  collaborator = {{Chartero}}
}

@misc{Staticah,
  title = {Chartero},
  author = {{static}, volatile},
  collaborator = {{Chartero}}
}

@misc{Staticai,
  title = {Chartero},
  author = {{static}, volatile},
  collaborator = {{Chartero}}
}

@misc{Staticaj,
  title = {Chartero},
  author = {{static}, volatile},
  collaborator = {{Chartero}}
}

@misc{Staticak,
  title = {Chartero},
  author = {{static}, volatile},
  collaborator = {{Chartero}}
}

@misc{Statical,
  title = {Chartero},
  author = {{static}, volatile},
  collaborator = {{Chartero}}
}

@misc{Staticam,
  title = {Chartero},
  author = {{static}, volatile},
  collaborator = {{Chartero}}
}

@misc{Statican,
  title = {Chartero},
  author = {{static}, volatile},
  collaborator = {{Chartero}}
}

@misc{Staticao,
  title = {Chartero},
  author = {{static}, volatile},
  collaborator = {{Chartero}}
}

@misc{Staticap,
  title = {Chartero},
  author = {{static}, volatile},
  collaborator = {{Chartero}}
}

@misc{Staticaq,
  title = {Chartero},
  author = {{static}, volatile},
  collaborator = {{Chartero}}
}

@misc{Staticar,
  title = {Chartero},
  author = {{static}, volatile},
  collaborator = {{Chartero}}
}

@misc{Staticas,
  title = {Chartero},
  author = {{static}, volatile},
  collaborator = {{Chartero}}
}

@misc{Staticat,
  title = {Chartero},
  author = {{static}, volatile},
  collaborator = {{Chartero}}
}

@misc{Staticau,
  title = {Chartero},
  author = {{static}, volatile},
  collaborator = {{Chartero}}
}

@misc{Staticav,
  title = {Chartero},
  author = {{static}, volatile},
  collaborator = {{Chartero}}
}

@misc{Staticaw,
  title = {Chartero},
  author = {{static}, volatile},
  collaborator = {{Chartero}}
}

@misc{Staticax,
  title = {Chartero},
  author = {{static}, volatile},
  collaborator = {{Chartero}}
}

@misc{Staticay,
  title = {Chartero},
  author = {{static}, volatile},
  collaborator = {{Chartero}}
}

@misc{Staticaz,
  title = {Chartero},
  author = {{static}, volatile},
  collaborator = {{Chartero}}
}

@misc{Staticb,
  title = {Chartero},
  author = {{static}, volatile},
  collaborator = {{Chartero}}
}

@misc{Staticba,
  title = {Chartero},
  author = {{static}, volatile},
  collaborator = {{Chartero}}
}

@misc{Staticbb,
  title = {Chartero},
  author = {{static}, volatile},
  collaborator = {{Chartero}}
}

@misc{Staticbc,
  title = {Chartero},
  author = {{static}, volatile},
  collaborator = {{Chartero}}
}

@misc{Staticbd,
  title = {Chartero},
  author = {{static}, volatile},
  collaborator = {{Chartero}}
}

@misc{Staticbe,
  title = {Chartero},
  author = {{static}, volatile},
  collaborator = {{Chartero}}
}

@misc{Staticbf,
  title = {Chartero},
  author = {{static}, volatile},
  collaborator = {{Chartero}}
}

@misc{Staticbg,
  title = {Chartero},
  author = {{static}, volatile},
  collaborator = {{Chartero}}
}

@misc{Staticbh,
  title = {Chartero},
  author = {{static}, volatile},
  collaborator = {{Chartero}}
}

@misc{Staticbi,
  title = {Chartero},
  author = {{static}, volatile},
  collaborator = {{Chartero}}
}

@misc{Staticbj,
  title = {Chartero},
  author = {{static}, volatile},
  collaborator = {{Chartero}}
}

@misc{Staticbk,
  title = {Chartero},
  author = {{static}, volatile},
  collaborator = {{Chartero}}
}

@misc{Staticbl,
  title = {Chartero},
  author = {{static}, volatile},
  collaborator = {{Chartero}}
}

@misc{Staticbm,
  title = {Chartero},
  author = {{static}, volatile},
  collaborator = {{Chartero}}
}

@misc{Staticbn,
  title = {Chartero},
  author = {{static}, volatile},
  collaborator = {{Chartero}}
}

@misc{Staticbo,
  title = {Chartero},
  author = {{static}, volatile},
  collaborator = {{Chartero}}
}

@misc{Staticbp,
  title = {Chartero},
  author = {{static}, volatile},
  collaborator = {{Chartero}}
}

@misc{Staticbq,
  title = {Chartero},
  author = {{static}, volatile},
  collaborator = {{Chartero}}
}

@misc{Staticbr,
  title = {Chartero},
  author = {{static}, volatile},
  collaborator = {{Chartero}}
}

@misc{Staticbs,
  title = {Chartero},
  author = {{static}, volatile},
  collaborator = {{Chartero}}
}

@misc{Staticbt,
  title = {Chartero},
  author = {{static}, volatile},
  collaborator = {{Chartero}}
}

@misc{Staticc,
  title = {Chartero},
  author = {{static}, volatile},
  collaborator = {{Chartero}}
}

@misc{Staticd,
  title = {Chartero},
  author = {{static}, volatile},
  collaborator = {{Chartero}}
}

@misc{Statice,
  title = {Chartero},
  author = {{static}, volatile},
  collaborator = {{Chartero}}
}

@misc{Staticf,
  title = {Chartero},
  author = {{static}, volatile},
  collaborator = {{Chartero}}
}

@misc{Staticg,
  title = {Chartero},
  author = {{static}, volatile},
  collaborator = {{Chartero}}
}

@misc{Statich,
  title = {Chartero},
  author = {{static}, volatile},
  collaborator = {{Chartero}}
}

@misc{Statici,
  title = {Chartero},
  author = {{static}, volatile},
  collaborator = {{Chartero}}
}

@misc{Staticj,
  title = {Chartero},
  author = {{static}, volatile},
  collaborator = {{Chartero}}
}

@misc{Statick,
  title = {Chartero},
  author = {{static}, volatile},
  collaborator = {{Chartero}}
}

@misc{Staticl,
  title = {Chartero},
  author = {{static}, volatile},
  collaborator = {{Chartero}}
}

@misc{Staticm,
  title = {Chartero},
  author = {{static}, volatile},
  collaborator = {{Chartero}}
}

@misc{Staticn,
  title = {Chartero},
  author = {{static}, volatile},
  collaborator = {{Chartero}}
}

@misc{Statico,
  title = {Chartero},
  author = {{static}, volatile},
  collaborator = {{Chartero}}
}

@misc{Staticp,
  title = {Chartero},
  author = {{static}, volatile},
  collaborator = {{Chartero}}
}

@misc{Staticq,
  title = {Chartero},
  author = {{static}, volatile},
  collaborator = {{Chartero}}
}

@misc{Staticr,
  title = {Chartero},
  author = {{static}, volatile},
  collaborator = {{Chartero}}
}

@misc{Statics,
  title = {Chartero},
  author = {{static}, volatile},
  collaborator = {{Chartero}}
}

@misc{Statict,
  title = {Chartero},
  author = {{static}, volatile},
  collaborator = {{Chartero}}
}

@misc{Staticu,
  title = {Chartero},
  author = {{static}, volatile},
  collaborator = {{Chartero}}
}

@misc{Staticv,
  title = {Chartero},
  author = {{static}, volatile},
  collaborator = {{Chartero}}
}

@misc{Staticw,
  title = {Chartero},
  author = {{static}, volatile},
  collaborator = {{Chartero}}
}

@misc{Staticx,
  title = {Chartero},
  author = {{static}, volatile},
  collaborator = {{Chartero}}
}

@misc{Staticy,
  title = {Chartero},
  author = {{static}, volatile},
  collaborator = {{Chartero}}
}

@misc{Staticz,
  title = {Chartero},
  author = {{static}, volatile},
  collaborator = {{Chartero}}
}

@misc{StochasticMemristiveDevices,
  title = {Stochastic Memristive Devices for Computing and Neuromorphic Applications - Nanoscale (RSC Publishing)},
  urldate = {2022-12-09},
  howpublished = {https://pubs.rsc.org/en/Content/ArticleLanding/2013/NR/C3NR01176C}
}

@misc{StudyOpticalProperties,
  title = {A Study on Optical Properties of Sb2Se3 Thin Films and Resistive Switching Behavior in Ag/Sb2Se3/W Heterojunctions | Elsevier Enhanced Reader},
  doi = {10.1016/j.rinp.2019.102228},
  urldate = {2022-11-22},
  howpublished = {https://reader.elsevier.com/reader/sd/pii/S2211379718333278?token=457A771364B038653008C5C860464F5502423ED492B49DEDBA5E156B3454302190F9AB188D9F23C4220AD7F612AAFAD8\&originRegion=us-east-1\&originCreation=20221122091922},
  langid = {english}
}

@article{Sun2021,
  title = {End-to-End Complex Lens Design with Differentiate Ray Tracing},
  author = {Sun, Qilin and Wang, Congli and Fu, Qiang and Dun, Xiong and Heidrich, Wolfgang},
  year = {2021},
  month = aug,
  journal = {ACM Transactions on Graphics},
  volume = {40},
  number = {4},
  pages = {1--13},
  issn = {0730-0301, 1557-7368},
  doi = {10.1145/3450626.3459674},
  urldate = {2022-12-12},
  langid = {english}
}

@inproceedings{Sun2022,
  title = {Seeing Far in the Dark with Patterned Flash},
  booktitle = {Computer Vision \textendash{} ECCV 2022},
  author = {Sun, Zhanghao and Wang, Jian and Wu, Yicheng and Nayar, Shree},
  editor = {Avidan, Shai and Brostow, Gabriel and Ciss{\'e}, Moustapha and Farinella, Giovanni Maria and Hassner, Tal},
  year = {2022},
  volume = {13666},
  pages = {709--727},
  publisher = {Springer Nature Switzerland},
  address = {Cham},
  doi = {10.1007/978-3-031-20068-7_41},
  urldate = {2023-01-06},
  isbn = {978-3-031-20067-0 978-3-031-20068-7},
  langid = {english}
}

@article{takeda2021quantum,
  title = {Quantum Tomography of an Entangled Three-Qubit State in Silicon},
  author = {Takeda, Kenta and Noiri, Akito and Nakajima, Takashi and Yoneda, Jun and Kobayashi, Takashi and Tarucha, Seigo},
  year = {2021},
  journal = {Nature Nanotechnology},
  volume = {16},
  number = {9},
  pages = {965--969},
  publisher = {Nature Publishing Group}
}

@article{Tang2022,
  title = {Dynamic Augmented Reality Display by Layer-Folded Metasurface via Electrical-Driven Liquid Crystal},
  author = {Tang, Jiao and Wan, Shuai and Shi, Yangyang and Wan, Chengwei and Wang, Zejing and Li, Zhongyang},
  year = {2022},
  month = jun,
  journal = {Advanced Optical Materials},
  volume = {10},
  number = {12},
  pages = {2200418},
  issn = {2195-1071, 2195-1071},
  doi = {10.1002/adom.202200418},
  urldate = {2022-12-16},
  langid = {english}
}

@article{Tao2012,
  title = {采用卷帘数字域TDI技术的CMOS成像系统设计},
  author = {陶, 淑苹 and 金, 光 and 曲, 宏松 and 张, 贵祥},
  year = {2012},
  journal = {红外与激光工程},
  volume = {41},
  number = {9},
  pages = {2380--2385},
  issn = {1007-2276},
  langid = {chinese},
  annotation = {22 citations(CNKI)[2023-6-14]{$<$}北大核心, EI, CSCD{$>$}}
}

@article{taoFullyOnChipMicrowave,
  title = {Fully On-Chip Microwave Photonic Instantaneous Frequency Measurement System},
  author = {Tao, Yuansheng and Yang, Fenghe and Tao, Zihan and Chang, Lin and Shu, Haowen and Jin, Ming and Zhou, Yan and Ge, Zhangfeng and Wang, Xingjun},
  journal = {Laser \& Photonics Reviews},
  volume = {n/a},
  number = {n/a},
  pages = {2200158},
  issn = {1863-8899},
  doi = {10.1002/lpor.202200158},
  urldate = {2022-08-31},
  langid = {english}
}

@article{Taylor,
  title = {CCD and CMOS Imaging Array Technologies: Technology Review},
  author = {Taylor, Stuart A},
  langid = {english}
}

@book{Theuwissen2005,
  title = {Solid-State Imaging with Charge-Coupled Devices},
  author = {Theuwissen, A. J.},
  year = {2005},
  month = dec,
  publisher = {Springer Science \& Business Media},
  googlebooks = {sz8OBwAAQBAJ},
  isbn = {978-0-306-47119-3},
  langid = {english}
}

@phdthesis{Tian2022,
  type = {硕士},
  title = {集成电路铜互连钌基阻挡层平坦化及界面腐蚀抑制机理的研究},
  author = {田, 源},
  year = {2022},
  collaborator = {周, 建伟},
  langid = {chinese},
  school = {河北工业大学}
}

@misc{TimedependentTransportAmorphous,
  title = {Time-Dependent Transport in Amorphous Semiconductors: Instability in the Field-Controlled Regime: Applied Physics Letters: Vol 104, No 26},
  urldate = {2022-12-09},
  howpublished = {https://aip.scitation.org/doi/abs/10.1063/1.4886962}
}

@inproceedings{Tu2018a,
  title = {Investigation on the dispersion compensation of femtosecond optical vortex generated by hologram grating},
  booktitle = {The 9th International Symposium on Ultrafast Phenomena and Terahertz Waves},
  author = {{tu}, yanyun and {wang}, zhenwei and Zhang, Dongwen and Zhao, Zengxiu},
  year = {2018},
  pages = {TuK12},
  publisher = {OSA},
  address = {Changsha, Hunan},
  doi = {10.1364/ISUPTW.2018.TuK12},
  urldate = {2023-04-09},
  isbn = {978-0-9600380-8-4},
  langid = {chinese}
}

@article{Wang2016,
  title = {Etching Characteristics and Mechanisms of Ti-Sb-Te Phase Change Material in CHF {\textsubscript{3}} /O {\textsubscript{2}} /Ar Plasma for Nano-Devices},
  author = {Wang, Weiwei and Liu, Bo and Jin, Qiuxue and Xia, Yangyang and Wang, Qing and Yao, Dongning and Song, Sannian and Song, Zhitang and Guo, Xiaohui and Zheng, Hao and Feng, Songlin},
  year = {2016},
  journal = {ECS Journal of Solid State Science and Technology},
  volume = {5},
  number = {9},
  pages = {P499-P502},
  issn = {2162-8769, 2162-8777},
  doi = {10.1149/2.0191609jss},
  urldate = {2022-12-13},
  langid = {english}
}

@article{Wang2023,
  title = {Varifocal Metalens Using Tunable and Ultralow-loss Dielectrics},
  author = {Wang, Mengyun and Lee, June Sang and Aggarwal, Samarth and Farmakidis, Nikolaos and He, Yuhan and Cheng, Tangsheng and Bhaskaran, Harish},
  year = {2023},
  month = jan,
  journal = {Advanced Science},
  pages = {2204899},
  issn = {2198-3844, 2198-3844},
  doi = {10.1002/advs.202204899},
  urldate = {2023-01-05},
  langid = {english}
}

@article{wangFullyAnalyticShading2023,
  title = {Fully Analytic Shading Model with Specular Reflections for Polygon-Based Hologram},
  author = {Wang, Fan and Shiomi, Harutaka and Ito, Tomoyoshi and Kakue, Takashi and Shimobaba, Tomoyoshi},
  year = {2023},
  month = jan,
  journal = {Optics and Lasers in Engineering},
  volume = {160},
  pages = {107235},
  issn = {01438166},
  doi = {10.1016/j.optlaseng.2022.107235},
  urldate = {2022-09-27},
  langid = {english}
}

@article{Wangguozhu;lijianhua;2013,
  title = {中国特色社会主义知识产权法学理论研究},
  author = {王国柱;李建华;},
  year = {2013},
  journal = {当代法学},
  number = {01-27},
  pages = {3--13},
  issn = {1003-4781},
  langid = {chinese},
  lccn = {22-1051/D}
}

@article{watson2018programmable,
  title = {A Programmable Two-Qubit Quantum Processor in Silicon},
  author = {Watson, {\relax TF} and Philips, {\relax SGJ} and Kawakami, Erika and Ward, {\relax DR} and Scarlino, Pasquale and Veldhorst, Menno and Savage, {\relax DE} and Lagally, {\relax MG} and Friesen, Mark and Coppersmith, {\relax SN} and others},
  year = {2018},
  journal = {nature},
  volume = {555},
  number = {7698},
  pages = {633--637},
  publisher = {Nature Publishing Group}
}

@phdthesis{Wei2020,
  type = {硕士},
  title = {用于CCD成像的模拟前端电路测试方法研究},
  author = {魏, 亚峰},
  year = {2020},
  collaborator = {张, 金平 and 俞, 宙},
  langid = {chinese},
  school = {电子科技大学},
  annotation = {1 citations(CNKI)[2023-6-14]}
}

@article{Weigand2021,
  title = {Enhanced Electro-Optic Modulation in Resonant Metasurfaces of Lithium Niobate},
  author = {Weigand, Helena and {Vogler-Neuling}, Viola V. and Escal{\'e}, Marc Reig and Pohl, David and Richter, Felix U. and Karvounis, Artemios and Timpu, Flavia and Grange, Rachel},
  year = {2021},
  month = oct,
  journal = {ACS Photonics},
  volume = {8},
  number = {10},
  pages = {3004--3009},
  issn = {2330-4022, 2330-4022},
  doi = {10.1021/acsphotonics.1c00935},
  urldate = {2022-12-16},
  langid = {english}
}

@article{weiRotationalMultiplexingMethod2022,
  title = {Rotational Multiplexing Method Based on Cascaded Metasurface Holography},
  author = {Wei, Qunshuo and Huang, Lingling and Zhao, Ruizhe and Geng, Guangzhou and Li, Junjie and Li, Xiaowei and Wang, Yongtian},
  year = {2022},
  pages = {6},
  langid = {english}
}

@article{Wu2020,
  title = {Single-Shot Lensless Imaging with Fresnel Zone Aperture and Incoherent Illumination},
  author = {Wu, Jiachen and Zhang, Hua and Zhang, Wenhui and Jin, Guofan and Cao, Liangcai and Barbastathis, George},
  year = {2020},
  month = apr,
  journal = {Light: Science \& Applications},
  volume = {9},
  number = {1},
  pages = {53},
  issn = {2047-7538},
  doi = {10.1038/s41377-020-0289-9},
  urldate = {2023-05-16},
  langid = {english}
}

@article{Wu2021,
  title = {Iterative Tomography with Digital Adaptive Optics Permits Hour-Long Intravital Observation of 3D Subcellular Dynamics at Millisecond Scale},
  author = {Wu, Jiamin and Lu, Zhi and Jiang, Dong and Guo, Yuduo and Qiao, Hui and Zhang, Yi and Zhu, Tianyi and Cai, Yeyi and Zhang, Xu and Zhanghao, Karl and Xie, Hao and Yan, Tao and Zhang, Guoxun and Li, Xiaoxu and Jiang, Zheng and Lin, Xing and Fang, Lu and Zhou, Bing and Xi, Peng and Fan, Jingtao and Yu, Li and Dai, Qionghai},
  year = {2021},
  month = jun,
  journal = {Cell},
  volume = {184},
  number = {12},
  pages = {3318-3332.e17},
  issn = {00928674},
  doi = {10.1016/j.cell.2021.04.029},
  urldate = {2022-12-12},
  langid = {english}
}

@phdthesis{Wu2021a,
  type = {硕士},
  title = {高性能电子倍增CCD成像组件研究},
  author = {吴, 才勇},
  year = {2021},
  collaborator = {顾, 国华},
  langid = {chinese},
  school = {南京理工大学}
}

@article{Wu2023,
  title = {Lithography-Free Reconfigurable Integrated Photonic Processor},
  author = {Wu, Tianwei and Menarini, Marco and Gao, Zihe and Feng, Liang},
  year = {2023},
  month = apr,
  journal = {Nature Photonics},
  issn = {1749-4885, 1749-4893},
  doi = {10.1038/s41566-023-01205-0},
  urldate = {2023-05-04},
  langid = {english}
}

@article{wuttigPhasechangeMaterialsNonvolatile2017,
  title = {Phase-Change Materials for Non-Volatile Photonic Applications},
  author = {Wuttig, M. and Bhaskaran, H. and Taubner, T.},
  year = {2017},
  month = aug,
  journal = {Nature Photonics},
  volume = {11},
  number = {8},
  pages = {465--476},
  publisher = {Nature Publishing Group},
  issn = {1749-4893},
  doi = {10.1038/nphoton.2017.126},
  urldate = {2022-09-10},
  copyright = {2017 Nature Publishing Group, a division of Macmillan Publishers Limited. All Rights Reserved.},
  langid = {english}
}

@article{Xie2023,
  title = {Multichannel Binary-Image and Holographic Display Based on Planar Liquid Crystal Devices},
  author = {Xie, Xin and Du, Wenjuan and Shao, Zhenglong and Zhou, Yingjie and Lou, Zhilang and Ji, Ruonan and Wen, Dandan and Wei, Bingyan and Gan, Xuetao and Zhao, Jianlin and Fan, Fan and Tang, Dongliang},
  year = {2023},
  month = apr,
  journal = {Laser \& Photonics Reviews},
  pages = {2300193},
  issn = {1863-8880, 1863-8899},
  doi = {10.1002/lpor.202300193},
  urldate = {2023-04-20},
  langid = {english}
}

@article{Xiong2023,
  title = {Breaking the Limitation of Polarization Multiplexing in Optical Metasurfaces with Engineered Noise},
  author = {Xiong, Bo and Liu, Yu and Xu, Yihao and Deng, Lin and Chen, Chao-Wei and Wang, Jia-Nan and Peng, Ruwen and Lai, Yun and Liu, Yongmin and Wang, Mu},
  year = {2023},
  month = jan,
  journal = {Science},
  volume = {379},
  number = {6629},
  pages = {294--299},
  issn = {0036-8075, 1095-9203},
  doi = {10.1126/science.ade5140},
  urldate = {2023-02-14},
  langid = {english}
}

@phdthesis{Xu2014,
  type = {博士},
  title = {基于新型铜互连扩散阻挡层的无籽晶电镀铜的研究},
  author = {徐, 文忠},
  year = {2014},
  collaborator = {屈, 新萍},
  langid = {chinese},
  school = {复旦大学}
}

@article{Xu2021,
  title = {11 TOPS Photonic Convolutional Accelerator for Optical Neural Networks},
  author = {Xu, Xingyuan and Tan, Mengxi and Corcoran, Bill and Wu, Jiayang and Boes, Andreas and Nguyen, Thach G. and Chu, Sai T. and Little, Brent E. and Hicks, Damien G. and Morandotti, Roberto and Mitchell, Arnan and Moss, David J.},
  year = {2021},
  month = jan,
  journal = {Nature},
  volume = {589},
  number = {7840},
  pages = {44--51},
  issn = {0028-0836, 1476-4687},
  doi = {10.1038/s41586-020-03063-0},
  urldate = {2023-05-22},
  langid = {english}
}

@article{Xu2021a,
  title = {11 TOPS Photonic Convolutional Accelerator for Optical Neural Networks},
  author = {Xu, Xingyuan and Tan, Mengxi and Corcoran, Bill and Wu, Jiayang and Boes, Andreas and Nguyen, Thach G. and Chu, Sai T. and Little, Brent E. and Hicks, Damien G. and Morandotti, Roberto and Mitchell, Arnan and Moss, David J.},
  year = {2021},
  month = jan,
  journal = {Nature},
  volume = {589},
  number = {7840},
  pages = {44--51},
  issn = {0028-0836, 1476-4687},
  doi = {10.1038/s41586-020-03063-0},
  urldate = {2023-05-22},
  langid = {english}
}

@article{Xu2021b,
  title = {11 TOPS Photonic Convolutional Accelerator for Optical Neural Networks},
  author = {Xu, Xingyuan and Tan, Mengxi and Corcoran, Bill and Wu, Jiayang and Boes, Andreas and Nguyen, Thach G. and Chu, Sai T. and Little, Brent E. and Hicks, Damien G. and Morandotti, Roberto and Mitchell, Arnan and Moss, David J.},
  year = {2021},
  month = jan,
  journal = {Nature},
  volume = {589},
  number = {7840},
  pages = {44--51},
  issn = {0028-0836, 1476-4687},
  doi = {10.1038/s41586-020-03063-0},
  urldate = {2023-05-23},
  langid = {english}
}

@article{Xu2023,
  title = {Super-Reflector Enabled by Non-Interleaved Spin-Momentum-Multiplexed Metasurface},
  author = {Xu, He-Xiu and Hu, Guangwei and Kong, Xianghong and Shao, Yanzhang and Genevet, Patrice and Qiu, Cheng-Wei},
  year = {2023},
  month = mar,
  journal = {Light: Science \& Applications},
  volume = {12},
  number = {1},
  pages = {78},
  issn = {2047-7538},
  doi = {10.1038/s41377-023-01118-1},
  urldate = {2023-03-27},
  langid = {english}
}

@article{xuMultichannelOpticalComputing2022,
  title = {A Multichannel Optical Computing Architecture for Advanced Machine Vision},
  author = {Xu, Zhihao and Yuan, Xiaoyun and Zhou, Tiankuang and Fang, Lu},
  year = {2022},
  month = aug,
  journal = {Light: Science \& Applications},
  volume = {11},
  number = {1},
  pages = {255},
  publisher = {Nature Publishing Group},
  issn = {2047-7538},
  doi = {10.1038/s41377-022-00945-y},
  urldate = {2022-08-31},
  copyright = {2022 The Author(s)},
  langid = {english}
}

@article{xuOpticalConstantsAcquisition2018,
  title = {Optical Constants Acquisition and Phase Change Properties of Ge {\textsubscript{2}} Sb {\textsubscript{2}} Te {\textsubscript{5}} Thin Films Based on Spectroscopy},
  author = {Xu, Zemin and Chen, Chaonan and Wang, Zhewei and Wu, Ke and Chong, Haining and Ye, Hui},
  year = {2018},
  journal = {RSC Advances},
  volume = {8},
  number = {37},
  pages = {21040--21046},
  issn = {2046-2069},
  doi = {10.1039/C8RA01382A},
  urldate = {2022-09-17},
  langid = {english}
}

@article{Xuxuan;2009,
  title = {知识产权对价论的理论框架\textemdash\textemdash 知识产权法为人类共同知识活动激励机制提供激励条件},
  author = {徐瑄;},
  year = {2009},
  journal = {南京大学法律评论},
  number = {01},
  pages = {89--104},
  langid = {chinese}
}

@article{Yan2019,
  title = {Fourier-Space Diffractive Deep Neural Network},
  author = {Yan, Tao and Wu, Jiamin and Zhou, Tiankuang and Xie, Hao and Xu, Feng and Fan, Jingtao and Fang, Lu and Lin, Xing and Dai, Qionghai},
  year = {2019},
  month = jul,
  journal = {Physical Review Letters},
  volume = {123},
  number = {2},
  pages = {023901},
  issn = {0031-9007, 1079-7114},
  doi = {10.1103/PhysRevLett.123.023901},
  urldate = {2022-10-20},
  langid = {english}
}

@article{Yang2010,
  title = {Characterization of ``Ultrathin-Cu''/Ru(Ta)/TaN Liner Stack for Copper Interconnects},
  author = {Yang, C.-C and Cohen, S and Shaw, T and Wang, P.-C and Nogami, T and Edelstein, D},
  year = {2010},
  month = jul,
  journal = {IEEE Electron Device Letters},
  volume = {31},
  number = {7},
  pages = {722--724},
  issn = {0741-3106, 1558-0563},
  doi = {10.1109/LED.2010.2047934},
  urldate = {2023-06-14},
  langid = {english}
}

@article{Yang2022,
  title = {Noninterleaved Metasurface for Full-Polarization Three-Dimensional Vectorial Holography},
  author = {Yang, Hui and Jiang, Yuting and Hu, Yueqiang and Ou, Kai and Duan, Huigao},
  year = {2022},
  month = nov,
  journal = {Laser \& Photonics Reviews},
  volume = {16},
  number = {11},
  pages = {2200351},
  issn = {1863-8880, 1863-8899},
  doi = {10.1002/lpor.202200351},
  urldate = {2022-12-16},
  langid = {english}
}

@article{Yang2022a,
  title = {Noninterleaved Metasurface for Full-Polarization Three-Dimensional Vectorial Holography},
  author = {Yang, Hui and Jiang, Yuting and Hu, Yueqiang and Ou, Kai and Duan, Huigao},
  year = {2022},
  month = nov,
  journal = {Laser \& Photonics Reviews},
  volume = {16},
  number = {11},
  pages = {2200351},
  issn = {1863-8880, 1863-8899},
  doi = {10.1002/lpor.202200351},
  urldate = {2022-12-16},
  langid = {english}
}

@inproceedings{Yeary2019,
  title = {Recent Advances on an S-Band All-Digital Mobile Phased Array Radar},
  booktitle = {2019 IEEE International Symposium on Phased Array System \& Technology (PAST)},
  author = {Yeary, M. and Palmer, R. and Fulton, C. and Salazar, J. and Sigmarsson, H.},
  year = {2019},
  month = oct,
  pages = {1--5},
  publisher = {IEEE},
  address = {Waltham, MA, USA},
  doi = {10.1109/PAST43306.2019.9020988},
  urldate = {2023-06-08},
  isbn = {978-1-72813-049-1},
  langid = {english}
}

@article{yoneda2018quantum,
  title = {A Quantum-Dot Spin Qubit with Coherence Limited by Charge Noise and Fidelity Higher than 99.9\%},
  author = {Yoneda, Jun and Takeda, Kenta and Otsuka, Tomohiro and Nakajima, Takashi and Delbecq, Matthieu R and Allison, Giles and Honda, Takumu and Kodera, Tetsuo and Oda, Shunri and Hoshi, Yusuke and others},
  year = {2018},
  journal = {Nature nanotechnology},
  volume = {13},
  number = {2},
  pages = {102--106},
  publisher = {Nature Publishing Group}
}

@article{You,
  title = {Reactive Ion Etching Activating TiO2 Substrate for Planar Heterojunction Sb2S3 Solar Cells with 6.06\% Efficiency},
  author = {You, Fuge and Chen, Shiwu and Ma, Tianjun and Xiao, Feng and Chen, Chao and Hsu, Hsien-Yi and Song, Haisheng and Tang, Jiang},
  journal = {Energy Technology},
  volume = {n/a},
  number = {n/a},
  pages = {2200940},
  issn = {2194-4296},
  doi = {10.1002/ente.202200940},
  urldate = {2022-11-15},
  langid = {english}
}

@article{You2022,
  title = {Reactive Ion Etching Activating TiO {\textsubscript{2}} Substrate for Planar Heterojunction Sb {\textsubscript{2}} S {\textsubscript{3}} Solar Cells with 6.06\% Efficiency},
  author = {You, Fuge and Chen, Shiwu and Ma, Tianjun and Xiao, Feng and Chen, Chao and Hsu, Hsien-Yi and Song, Haisheng and Tang, Jiang},
  year = {2022},
  month = dec,
  journal = {Energy Technology},
  volume = {10},
  number = {12},
  pages = {2200940},
  issn = {2194-4288, 2194-4296},
  doi = {10.1002/ente.202200940},
  urldate = {2022-12-13},
  langid = {english}
}

@article{Yu2023,
  title = {Ultrahigh-Density 3D Holographic Projection by Scattering-Assisted Dynamic Holography},
  author = {Yu, Panpan and Liu, Yifan and Wang, Ziqiang and Liang, Jinyang and Liu, Xingsi and Li, Yinmei and Qiu, Chengwei and Gong, Lei},
  year = {2023},
  month = apr,
  journal = {Optica},
  volume = {10},
  number = {4},
  pages = {481},
  issn = {2334-2536},
  doi = {10.1364/OPTICA.483057},
  urldate = {2023-04-20},
  langid = {english}
}

@article{zajac2018resonantly,
  title = {Resonantly Driven CNOT Gate for Electron Spins},
  author = {Zajac, David M and Sigillito, Anthony J and Russ, Maximilian and Borjans, Felix and Taylor, Jacob M and Burkard, Guido and Petta, Jason R},
  year = {2018},
  journal = {Science (New York, N.Y.)},
  volume = {359},
  number = {6374},
  pages = {439--442},
  publisher = {American Association for the Advancement of Science}
}

@article{zangFourchannelVolumeHolographic2019,
  title = {Four-Channel Volume Holographic Recording with Linear Polarization Holography},
  author = {Zang, Jinliang and Fan, Fenflan and Liu, Ying and Wei, Ran and Tan, Xiaodi},
  year = {2019},
  month = sep,
  journal = {Optics Letters},
  volume = {44},
  number = {17},
  pages = {4107--4110},
  publisher = {Optica Publishing Group},
  issn = {1539-4794},
  doi = {10.1364/OL.44.004107},
  urldate = {2022-10-19},
  copyright = {\textcopyright{} 2019 Optical Society of America},
  langid = {english}
}

@phdthesis{Zhang2017,
  type = {博士},
  title = {高速线阵CCD相机设计、实现及其应用研究},
  author = {张, 晨},
  year = {2017},
  collaborator = {邓, 德祥},
  langid = {chinese},
  school = {武汉大学},
  annotation = {6 citations(CNKI)[2023-6-14]}
}

@article{Zhang2021,
  title = {Electrically Reconfigurable Non-Volatile Metasurface Using Low-Loss Optical Phase-Change Material},
  author = {Zhang, Yifei and Fowler, Clayton and Liang, Junhao and Azhar, Bilal and Shalaginov, Mikhail Y. and {Deckoff-Jones}, Skylar and An, Sensong and Chou, Jeffrey B. and Roberts, Christopher M. and Liberman, Vladimir and Kang, Myungkoo and R{\'i}os, Carlos and Richardson, Kathleen A. and {Rivero-Baleine}, Clara and Gu, Tian and Zhang, Hualiang and Hu, Juejun},
  year = {2021},
  month = jun,
  journal = {Nature Nanotechnology},
  volume = {16},
  number = {6},
  pages = {661--666},
  issn = {1748-3387, 1748-3395},
  doi = {10.1038/s41565-021-00881-9},
  urldate = {2022-09-10},
  langid = {english}
}

@article{Zhang2021a,
  title = {An Optical Neural Chip for Implementing Complex-Valued Neural Network},
  author = {Zhang, H. and Gu, M. and Jiang, X. D. and Thompson, J. and Cai, H. and Paesani, S. and Santagati, R. and Laing, A. and Zhang, Y. and Yung, M. H. and Shi, Y. Z. and Muhammad, F. K. and Lo, G. Q. and Luo, X. S. and Dong, B. and Kwong, D. L. and Kwek, L. C. and Liu, A. Q.},
  year = {2021},
  month = jan,
  journal = {Nature Communications},
  volume = {12},
  number = {1},
  pages = {457},
  issn = {2041-1723},
  doi = {10.1038/s41467-020-20719-7},
  urldate = {2023-05-27},
  langid = {english}
}

@article{Zhang2022a,
  title = {From Compressive Sampling to Compressive Tasking: Retrieving Semantics in Compressed Domain with Low Bandwidth},
  shorttitle = {From Compressive Sampling to Compressive Tasking},
  author = {Zhang, Zhihong and Zhang, Bo and Yuan, Xin and Zheng, Siming and Su, Xiongfei and Suo, Jinli and Brady, David J. and Dai, Qionghai},
  year = {2022},
  month = sep,
  journal = {PhotoniX},
  volume = {3},
  number = {1},
  pages = {19},
  issn = {2662-1991},
  doi = {10.1186/s43074-022-00065-1},
  urldate = {2022-09-27},
  langid = {english}
}

@article{zhangBroadbandTransparentOptical2019,
  title = {Broadband Transparent Optical Phase Change Materials for High-Performance Nonvolatile Photonics},
  author = {Zhang, Yifei and Chou, Jeffrey B. and Li, Junying and Li, Huashan and Du, Qingyang and Yadav, Anupama and Zhou, Si and Shalaginov, Mikhail Y. and Fang, Zhuoran and Zhong, Huikai and Roberts, Christopher and Robinson, Paul and Bohlin, Bridget and R{\'i}os, Carlos and Lin, Hongtao and Kang, Myungkoo and Gu, Tian and Warner, Jamie and Liberman, Vladimir and Richardson, Kathleen and Hu, Juejun},
  year = {2019},
  month = dec,
  journal = {Nature Communications},
  volume = {10},
  number = {1},
  pages = {4279},
  issn = {2041-1723},
  doi = {10.1038/s41467-019-12196-4},
  urldate = {2022-09-10},
  langid = {english}
}

@article{zhangHighReliabilityFastSpeed2018,
  title = {High Reliability and Fast-Speed Phase-Change Memory Based on Sb{\textsubscript{70}}Se{\textsubscript{30}}/SiO{\textsubscript{2}} Multilayer Thin Films},
  author = {Zhang, Dan and Hu, Yifeng and You, Haipeng and Zhu, Xiaoqin and Sun, Yuemei and Zou, Hua and Zheng, Yan},
  year = {2018},
  month = jun,
  journal = {Advances in Materials Science and Engineering},
  volume = {2018},
  pages = {e9693015},
  publisher = {Hindawi},
  issn = {1687-8434},
  doi = {10.1155/2018/9693015},
  urldate = {2022-10-25},
  langid = {english}
}

@article{zhangLargescaleMicroelectromechanicalsystemsbasedSilicon2022,
  title = {A Large-Scale Microelectromechanical-Systems-Based Silicon Photonics LiDAR},
  author = {Zhang, Xiaosheng and Kwon, Kyungmok and Henriksson, Johannes and Luo, Jianheng and Wu, Ming C.},
  year = {2022},
  month = mar,
  journal = {Nature},
  volume = {603},
  number = {7900},
  pages = {253--258},
  publisher = {Nature Publishing Group},
  issn = {1476-4687},
  doi = {10.1038/s41586-022-04415-8},
  urldate = {2022-08-31},
  copyright = {2022 The Author(s)},
  langid = {english}
}

@article{zhangNonvolatileWaveguideTransmission2019,
  title = {Nonvolatile Waveguide Transmission Tuning with Electrically-Driven Ultra-Small GST Phase-Change Material},
  author = {Zhang, Hanyu and Zhou, Linjie and Xu, Jian and Wang, Ningning and Hu, Hao and Lu, Liangjun and Rahman, B.M.A. and Chen, Jianping},
  year = {2019},
  month = jun,
  journal = {Science Bulletin},
  volume = {64},
  number = {11},
  pages = {782--789},
  issn = {20959273},
  doi = {10.1016/j.scib.2019.04.035},
  urldate = {2022-09-20},
  langid = {english}
}

@article{zhangOpticalNeuralChip2021,
  title = {An Optical Neural Chip for Implementing Complex-Valued Neural Network},
  author = {Zhang, H. and Gu, M. and Jiang, X. D. and Thompson, J. and Cai, H. and Paesani, S. and Santagati, R. and Laing, A. and Zhang, Y. and Yung, M. H. and Shi, Y. Z. and Muhammad, F. K. and Lo, G. Q. and Luo, X. S. and Dong, B. and Kwong, D. L. and Kwek, L. C. and Liu, A. Q.},
  year = {2021},
  month = dec,
  journal = {Nature Communications},
  volume = {12},
  number = {1},
  pages = {457},
  issn = {2041-1723},
  doi = {10.1038/s41467-020-20719-7},
  urldate = {2022-10-14},
  langid = {english}
}

@article{Zhaoyong;danxiaoguang;2020,
  title = {我国知识产权一级学科建设现状及发展路径},
  author = {赵勇;单晓光;},
  year = {2020},
  journal = {知识产权},
  number = {12},
  pages = {27--39},
  issn = {1003-0476},
  langid = {chinese},
  lccn = {11-2760/N}
}

@article{Zhou,
  title = {In-Memory Photonic Dot-Product Engine with Electrically Programmable Weight Banks},
  author = {Zhou, Wen and Dong, Bowei and Farmakidis, Nikolaos and Li, Xuan and Youngblood, Nathan and Huang, Kairan and He, Yuhan and Wright, C David and Pernice, Wolfram H P and Bhaskaran, Harish},
  langid = {english}
}

@article{zhouLargescaleNeuromorphicOptoelectronic2021,
  title = {Large-Scale Neuromorphic Optoelectronic Computing with a Reconfigurable Diffractive Processing Unit},
  author = {Zhou, Tiankuang and Lin, Xing and Wu, Jiamin and Chen, Yitong and Xie, Hao and Li, Yipeng and Fan, Jingtao and Wu, Huaqiang and Fang, Lu and Dai, Qionghai},
  year = {2021},
  month = may,
  journal = {Nature Photonics},
  volume = {15},
  number = {5},
  pages = {367--373},
  issn = {1749-4885, 1749-4893},
  doi = {10.1038/s41566-021-00796-w},
  urldate = {2022-10-14},
  langid = {english}
}

@article{zhouUltradenseMovingCascaded2022,
  title = {Ultra-Dense Moving Cascaded Metasurface Holography by Using a Physics-Driven Neural Network},
  author = {Zhou, Hongqiang and Li, Xin and Wang, He and Zhang, Shifei and Su, Zhaoxian and Jiang, Qiang and Ullah, Naqeeb and Ullah, Naqeeb and Li, Xiaowei and Wang, Yongtian and Huang, Lingling},
  year = {2022},
  month = jul,
  journal = {Optics Express},
  volume = {30},
  number = {14},
  pages = {24285--24294},
  publisher = {Optica Publishing Group},
  issn = {1094-4087},
  doi = {10.1364/OE.463104},
  urldate = {2022-09-06},
  copyright = {\&\#169; 2022 Optica Publishing Group},
  langid = {english}
}

@article{Zhu2022,
  title = {Space-Efficient Optical Computing with an Integrated Chip Diffractive Neural Network},
  author = {Zhu, H. H. and Zou, J. and Zhang, H. and Shi, Y. Z. and Luo, S. B. and Wang, N. and Cai, H. and Wan, L. X. and Wang, B. and Jiang, X. D. and Thompson, J. and Luo, X. S. and Zhou, X. H. and Xiao, L. M. and Huang, W. and Patrick, L. and Gu, M. and Kwek, L. C. and Liu, A. Q.},
  year = {2022},
  month = feb,
  journal = {Nature Communications},
  volume = {13},
  number = {1},
  pages = {1044},
  issn = {2041-1723},
  doi = {10.1038/s41467-022-28702-0},
  urldate = {2023-04-04},
  langid = {english}
}

@book{zotero-2360,
  title = {2022年全球创新指数},
  author = {, 世界知识产权组织}
}

@article{zotero-2361,
  title = {2022年全球创新指数},
  author = {, 世界知识产权组织},
  journal = {全球创新指数},
  pages = {25},
  doi = {10.34667/tind.46617}
}

@misc{zotero-2362,
  title = {中国知识产权61所本科高校和32家知识产权学院明细},
  author = {, 陶鑫良}
}

@misc{zotero-2365,
  title = {党领导新中国知识产权工作的历史经验与启示},
  author = {, 中共国家知识产权局党组}
}

@article{zotero-4979,
  title = {Laser Beams with Phase Singularities},
  langid = {english}
}

@misc{zotero-525,
  title = {受跳蛛眼睛启发的紧凑型单次超透镜深度传感器},
  doi = {10.1073/pnas.1912154116},
  urldate = {2022-10-22},
  howpublished = {https://www.pnas.org/doi/10.1073/pnas.1912154116},
  langid = {chinese}
}

@article{ZuoChao2022,
  title = {计算光学成像：何来，何处，何去，何从？},
  author = {Zuo Chao, 左超 and Chen Qian, 陈钱},
  year = {2022},
  journal = {Infrared and Laser Engineering},
  volume = {51},
  number = {2},
  pages = {20220110},
  issn = {1007-2276},
  doi = {10.3788/IRLA20220110},
  urldate = {2023-02-13},
  langid = {chinese}
}
